Time (EET);Ask;Bid;AskVolume;BidVolume
2020.01.02 01:00:04.735000;1519.592;1518.768;0.00037;0.00037
2020.01.02 01:00:04.836000;1519.742;1518.858;0.00037;0.00037
2020.01.02 01:00:04.938000;1519.792;1518.908;0.00037;0.00037
2020.01.02 01:00:05.238000;1519.912;1518.968;0.00037;0.00037
2020.01.02 01:00:05.559000;1519.892;1519.038;0.00037;0.00037
2020.01.02 01:00:05.924000;1519.872;1519.088;0.00037;0.00037
2020.01.02 01:00:06.414000;1520.232;1519.278;0.00037;0.00037
2020.01.02 01:00:06.744000;1520.282;1519.398;0.00037;0.00037
2020.01.02 01:00:07.065000;1520.482;1519.528;0.00037;0.00037
2020.01.02 01:00:07.217000;1520.882;1519.938;0.00037;0.00037
2020.01.02 01:00:08.183000;1521.245;1520.675;0.0001;0.0001
2020.01.02 01:00:08.519000;1521.205;1520.675;0.0001;0.0001
2020.01.02 01:00:08.687000;1521.005;1520.275;0.0001;0.0001
2020.01.02 01:00:08.938000;1520.525;1520.025;0.0001;0.0001
2020.01.02 01:00:08.989000;1520.255;1519.745;0.0001;0.0001
2020.01.02 01:00:09.220000;1520.245;1519.745;0.0001;0.0001
2020.01.02 01:00:09.363000;1520.145;1519.655;0.0001;0.0001
2020.01.02 01:00:09.503000;1520.105;1519.575;0.0001;0.0001
2020.01.02 01:00:09.587000;1520.105;1519.375;0.0001;0.0001
2020.01.02 01:00:09.690000;1520.105;1519.275;0.0001;0.0001
2020.01.02 01:00:09.741000;1519.905;1519.175;0.0001;0.0001
2020.01.02 01:00:10.153000;1520.015;1519.495;0.0001;0.0001
2020.01.02 01:00:10.204000;1519.905;1519.175;0.0001;0.0001
2020.01.02 01:00:10.254000;1519.675;1519.175;0.0001;0.0001
2020.01.02 01:00:10.507000;1519.605;1519.115;0.0001;0.0001
2020.01.02 01:00:10.557000;1519.575;1519.075;0.0001;0.0001
2020.01.02 01:00:10.615000;1519.475;1518.975;0.0001;0.0001
2020.01.02 01:00:10.845000;1519.435;1518.935;0.0001;0.0001
2020.01.02 01:00:11.355000;1519.885;1519.375;0.0001;0.0001
2020.01.02 01:00:12.525000;1520.055;1519.545;0.0001;0.0001
2020.01.02 01:00:12.652000;1520.065;1519.575;0.0001;0.0001
2020.01.02 01:00:13.385000;1520.065;1519.585;0.0001;0.0001
2020.01.02 01:00:13.435000;1520.285;1519.785;0.0001;0.0001
2020.01.02 01:00:13.632000;1520.315;1519.815;0.0001;0.0001
2020.01.02 01:00:14.070000;1520.205;1519.705;0.0001;0.0001
2020.01.02 01:00:14.304000;1520.205;1519.715;0.0001;0.0001
2020.01.02 01:00:14.354000;1520.285;1519.775;0.0001;0.0001
2020.01.02 01:00:15.072000;1520.245;1519.755;0.0001;0.0001
2020.01.02 01:00:15.173000;1520.255;1519.755;0.0001;0.0001
2020.01.02 01:00:15.273000;1520.295;1519.785;0.0001;0.0001
2020.01.02 01:00:15.324000;1520.285;1519.785;0.0001;0.0001
2020.01.02 01:00:15.455000;1520.165;1519.655;0.0001;0.0001
2020.01.02 01:00:15.555000;1520.085;1519.585;0.0001;0.0001
2020.01.02 01:00:15.656000;1520.075;1519.585;0.0001;0.0001
2020.01.02 01:00:15.822000;1520.085;1519.595;0.0001;0.0001
2020.01.02 01:00:15.872000;1520.045;1519.545;0.0001;0.0001
2020.01.02 01:00:15.986000;1520.105;1519.605;0.0001;0.0001
2020.01.02 01:00:16.390000;1520.075;1519.575;0.0001;0.0001
2020.01.02 01:00:16.568000;1520.045;1519.545;0.0001;0.0001
2020.01.02 01:00:16.618000;1520.055;1519.545;0.0001;0.0001
2020.01.02 01:00:16.668000;1520.045;1519.535;0.0001;0.0001
2020.01.02 01:00:16.854000;1519.865;1519.385;0.0001;0.0001
2020.01.02 01:00:17.283000;1519.885;1519.385;0.0001;0.0001
2020.01.02 01:00:17.340000;1519.885;1519.355;0.0001;0.0001
2020.01.02 01:00:17.390000;1519.825;1519.335;0.0001;0.0001
2020.01.02 01:00:17.686000;1519.825;1519.345;0.0001;0.0001
2020.01.02 01:00:17.786000;1519.825;1519.335;0.0001;0.0001
2020.01.02 01:00:17.973000;1519.825;1519.375;0.0001;0.0001
2020.01.02 01:00:18.023000;1519.915;1519.425;0.0001;0.0001
2020.01.02 01:00:18.124000;1519.915;1519.455;0.0001;0.0001
2020.01.02 01:00:18.175000;1519.945;1519.455;0.0001;0.0001
2020.01.02 01:00:18.356000;1520.005;1519.505;0.0001;0.0001
2020.01.02 01:00:19.116000;1520.025;1519.535;0.0001;0.0001
2020.01.02 01:00:20.075000;1520.095;1519.595;0.0001;0.0001
2020.01.02 01:00:20.125000;1519.975;1519.475;0.0001;0.0001
2020.01.02 01:00:20.226000;1520.045;1519.555;0.0001;0.0001
2020.01.02 01:00:21.084000;1520.045;1519.415;0.0001;0.0001
2020.01.02 01:00:21.134000;1519.915;1519.415;0.0001;0.0001
2020.01.02 01:00:21.235000;1520.125;1519.625;0.0001;0.0001
2020.01.02 01:00:21.345000;1520.155;1519.655;0.0001;0.0001
2020.01.02 01:00:22.955000;1520.165;1519.675;0.0001;0.0001
2020.01.02 01:00:23.365000;1520.125;1519.625;0.0001;0.0001
2020.01.02 01:00:23.728000;1520.125;1519.655;0.0001;0.0001
2020.01.02 01:00:23.779000;1520.205;1519.725;0.0001;0.0001
2020.01.02 01:00:23.844000;1520.225;1519.725;0.0001;0.0001
2020.01.02 01:00:23.894000;1520.255;1519.765;0.0001;0.0001
2020.01.02 01:00:25.024000;1520.215;1519.705;0.0001;0.0001
2020.01.02 01:00:25.139000;1520.195;1519.705;0.0001;0.0001
2020.01.02 01:00:25.189000;1520.195;1519.595;0.0001;0.0001
2020.01.02 01:00:25.240000;1519.975;1519.475;0.0001;0.0001
2020.01.02 01:00:25.391000;1520.035;1519.535;0.0001;0.0001
2020.01.02 01:00:25.541000;1520.065;1519.575;0.0001;0.0001
2020.01.02 01:00:25.685000;1520.085;1519.575;0.0001;0.0001
2020.01.02 01:00:25.786000;1520.085;1519.595;0.0001;0.0001
2020.01.02 01:00:26.019000;1520.015;1519.515;0.0001;0.0001
2020.01.02 01:00:26.070000;1520.045;1519.535;0.0001;0.0001
2020.01.02 01:00:26.120000;1520.045;1519.555;0.0001;0.0001
2020.01.02 01:00:26.220000;1520.045;1519.535;0.0001;0.0001
2020.01.02 01:00:26.271000;1519.955;1519.435;0.0001;0.0001
2020.01.02 01:00:26.321000;1519.955;1519.455;0.0001;0.0001
2020.01.02 01:00:27.006000;1520.085;1519.595;0.0001;0.0001
2020.01.02 01:00:27.157000;1520.145;1519.645;0.0001;0.0001
2020.01.02 01:00:27.258000;1520.155;1519.665;0.0001;0.0001
2020.01.02 01:00:27.534000;1520.115;1519.635;0.0001;0.0001
2020.01.02 01:00:27.584000;1520.135;1519.635;0.0001;0.0001
2020.01.02 01:00:27.701000;1520.135;1519.605;0.0001;0.0001
2020.01.02 01:00:27.751000;1520.105;1519.605;0.0001;0.0001
2020.01.02 01:00:28.215000;1520.115;1519.625;0.0001;0.0001
2020.01.02 01:00:28.497000;1520.225;1519.725;0.0001;0.0001
2020.01.02 01:00:29.104000;1520.295;1519.795;0.0001;0.0001
2020.01.02 01:00:29.827000;1520.265;1519.775;0.0001;0.0001
2020.01.02 01:00:29.878000;1520.295;1519.795;0.0001;0.0001
2020.01.02 01:00:31.189000;1520.305;1519.815;0.0001;0.0001
2020.01.02 01:00:31.239000;1520.345;1519.845;0.0001;0.0001
2020.01.02 01:00:33.320000;1520.375;1519.885;0.0001;0.0001
2020.01.02 01:00:33.559000;1520.415;1519.925;0.0001;0.0001
2020.01.02 01:00:34.061000;1520.385;1519.895;0.0001;0.0001
2020.01.02 01:00:35.724000;1520.385;1519.908;0.0001;0.00037
2020.01.02 01:00:35.774000;1520.375;1519.895;0.0001;0.0001
2020.01.02 01:00:35.925000;1520.465;1519.975;0.0001;0.0001
2020.01.02 01:00:36.249000;1520.525;1520.015;0.0001;0.0001
2020.01.02 01:00:36.485000;1520.525;1520.025;0.0001;0.0001
2020.01.02 01:00:36.815000;1520.605;1520.115;0.0001;0.0001
2020.01.02 01:00:36.865000;1520.605;1520.085;0.0001;0.0001
2020.01.02 01:00:36.915000;1520.595;1520.095;0.0001;0.0001
2020.01.02 01:00:37.115000;1520.605;1520.115;0.0001;0.0001
2020.01.02 01:00:37.381000;1520.625;1520.125;0.0001;0.0001
2020.01.02 01:00:37.535000;1520.675;1520.165;0.0001;0.0001
2020.01.02 01:00:37.990000;1520.675;1520.185;0.0001;0.0001
2020.01.02 01:00:38.499000;1520.682;1520.185;0.00037;0.0001
2020.01.02 01:00:38.655000;1520.695;1520.185;0.0001;0.0001
2020.01.02 01:00:38.705000;1520.765;1520.275;0.0001;0.0001
2020.01.02 01:00:39.714000;1520.795;1520.285;0.0001;0.0001
2020.01.02 01:00:39.766000;1520.805;1520.315;0.0001;0.0001
2020.01.02 01:00:40.105000;1520.845;1520.355;0.0001;0.0001
2020.01.02 01:00:40.868000;1520.835;1520.345;0.0001;0.0001
2020.01.02 01:00:41.643000;1520.785;1520.285;0.0001;0.0001
2020.01.02 01:00:41.795000;1520.655;1520.165;0.0001;0.0001
2020.01.02 01:00:42.693000;1520.645;1520.145;0.0001;0.0001
2020.01.02 01:00:43.402000;1520.645;1520.115;0.0001;0.0001
2020.01.02 01:00:43.453000;1520.525;1520.035;0.0001;0.0001
2020.01.02 01:00:43.503000;1520.545;1520.045;0.0001;0.0001
2020.01.02 01:00:44.883000;1520.545;1520.035;0.0001;0.0001
2020.01.02 01:00:44.934000;1520.545;1520.055;0.0001;0.0001
2020.01.02 01:00:45.395000;1520.545;1520.045;0.0001;0.0001
2020.01.02 01:00:48.015000;1520.555;1520.045;0.0001;0.0001
2020.01.02 01:00:48.065000;1520.555;1520.065;0.0001;0.0001
2020.01.02 01:00:48.414000;1520.585;1520.085;0.0001;0.0001
2020.01.02 01:00:48.584000;1520.585;1520.105;0.0001;0.0001
2020.01.02 01:00:48.634000;1520.605;1520.105;0.0001;0.0001
2020.01.02 01:00:48.685000;1520.655;1520.155;0.0001;0.0001
2020.01.02 01:00:49.324000;1520.655;1520.175;0.0001;0.0001
2020.01.02 01:00:49.375000;1520.665;1520.175;0.0001;0.0001
2020.01.02 01:00:49.635000;1520.645;1520.155;0.0001;0.0001
2020.01.02 01:00:50.147000;1520.625;1520.115;0.0001;0.0001
2020.01.02 01:00:50.379000;1520.625;1520.135;0.0001;0.0001
2020.01.02 01:00:50.898000;1520.615;1520.115;0.0001;0.0001
2020.01.02 01:00:51.405000;1520.545;1520.055;0.0001;0.0001
2020.01.02 01:00:51.610000;1520.535;1520.035;0.0001;0.0001
2020.01.02 01:00:51.954000;1520.405;1519.918;0.0001;0.00037
2020.01.02 01:00:52.005000;1520.175;1519.515;0.0001;0.0001
2020.01.02 01:00:52.189000;1520.175;1519.575;0.0001;0.0001
2020.01.02 01:00:52.294000;1520.145;1519.525;0.0001;0.0001
2020.01.02 01:00:52.344000;1520.225;1519.665;0.0001;0.0001
2020.01.02 01:00:53.609000;1520.225;1519.695;0.0001;0.0001
2020.01.02 01:00:53.778000;1520.215;1519.695;0.0001;0.0001
2020.01.02 01:00:54.312000;1520.155;1519.575;0.0001;0.0001
2020.01.02 01:00:54.362000;1520.155;1519.625;0.0001;0.0001
2020.01.02 01:00:54.463000;1520.155;1519.655;0.0001;0.0001
2020.01.02 01:00:54.566000;1520.155;1519.625;0.0001;0.0001
2020.01.02 01:00:54.617000;1520.175;1519.675;0.0001;0.0001
2020.01.02 01:00:55.371000;1520.215;1519.695;0.0001;0.0001
2020.01.02 01:00:55.424000;1520.215;1519.725;0.0001;0.0001
2020.01.02 01:00:55.524000;1520.225;1519.725;0.0001;0.0001
2020.01.02 01:00:55.761000;1520.275;1519.775;0.0001;0.0001
2020.01.02 01:00:56.215000;1520.295;1519.795;0.0001;0.0001
2020.01.02 01:00:57.865000;1520.345;1519.845;0.0001;0.0001
2020.01.02 01:00:58.804000;1520.365;1519.875;0.0001;0.0001
2020.01.02 01:00:59.010000;1520.385;1519.895;0.0001;0.0001
2020.01.02 01:01:00.106000;1520.385;1519.875;0.0001;0.0001
2020.01.02 01:01:00.156000;1520.365;1519.875;0.0001;0.0001
2020.01.02 01:01:00.855000;1520.362;1519.875;0.00037;0.0001
2020.01.02 01:01:00.906000;1520.195;1519.705;0.0001;0.0001
2020.01.02 01:01:01.097000;1520.185;1519.675;0.0001;0.0001
2020.01.02 01:01:02.413000;1520.185;1519.625;0.0001;0.0001
2020.01.02 01:01:02.463000;1520.085;1519.595;0.0001;0.0001
2020.01.02 01:01:02.604000;1520.225;1519.715;0.0001;0.0001
2020.01.02 01:01:02.655000;1520.165;1519.675;0.0001;0.0001
2020.01.02 01:01:03.261000;1520.165;1519.635;0.0001;0.0001
2020.01.02 01:01:03.311000;1520.135;1519.625;0.0001;0.0001
2020.01.02 01:01:03.412000;1520.115;1519.625;0.0001;0.0001
2020.01.02 01:01:04.158000;1520.115;1519.655;0.0001;0.0001
2020.01.02 01:01:04.208000;1520.245;1519.745;0.0001;0.0001
2020.01.02 01:01:05.876000;1520.245;1519.765;0.0001;0.0001
2020.01.02 01:01:05.927000;1520.395;1519.865;0.0001;0.0001
2020.01.02 01:01:05.978000;1520.195;1519.705;0.0001;0.0001
2020.01.02 01:01:06.030000;1520.195;1519.695;0.0001;0.0001
2020.01.02 01:01:06.080000;1520.185;1519.695;0.0001;0.0001
2020.01.02 01:01:07.975000;1520.285;1519.785;0.0001;0.0001
2020.01.02 01:01:09.156000;1520.275;1519.795;0.0001;0.0001
2020.01.02 01:01:10.490000;1520.275;1519.775;0.0001;0.0001
2020.01.02 01:01:10.551000;1520.265;1519.775;0.0001;0.0001
2020.01.02 01:01:11.975000;1520.335;1519.835;0.0001;0.0001
2020.01.02 01:01:12.202000;1520.335;1519.725;0.0001;0.0001
2020.01.02 01:01:12.252000;1520.195;1519.705;0.0001;0.0001
2020.01.02 01:01:13.119000;1520.185;1519.695;0.0001;0.0001
2020.01.02 01:01:13.775000;1520.315;1519.815;0.0001;0.0001
2020.01.02 01:01:13.825000;1520.325;1519.835;0.0001;0.0001
2020.01.02 01:01:14.217000;1520.305;1519.815;0.0001;0.0001
2020.01.02 01:01:14.620000;1520.315;1519.825;0.0001;0.0001
2020.01.02 01:01:15.607000;1520.405;1519.915;0.0001;0.0001
2020.01.02 01:01:16.597000;1520.415;1519.925;0.0001;0.0001
2020.01.02 01:01:16.761000;1520.415;1519.945;0.0001;0.0001
2020.01.02 01:01:16.812000;1520.445;1519.945;0.0001;0.0001
2020.01.02 01:01:16.863000;1520.475;1519.985;0.0001;0.0001
2020.01.02 01:01:17.013000;1520.475;1520.005;0.0001;0.0001
2020.01.02 01:01:17.063000;1520.495;1519.985;0.0001;0.0001
2020.01.02 01:01:18.095000;1520.465;1519.955;0.0001;0.0001
2020.01.02 01:01:18.200000;1520.485;1519.985;0.0001;0.0001
2020.01.02 01:01:18.957000;1520.485;1519.995;0.0001;0.0001
2020.01.02 01:01:20.557000;1520.395;1519.905;0.0001;0.0001
2020.01.02 01:01:20.931000;1520.395;1519.895;0.0001;0.0001
2020.01.02 01:01:21.009000;1520.395;1519.855;0.0001;0.0001
2020.01.02 01:01:21.059000;1520.225;1519.735;0.0001;0.0001
2020.01.02 01:01:22.447000;1520.225;1519.755;0.0001;0.0001
2020.01.02 01:01:22.497000;1520.285;1519.785;0.0001;0.0001
2020.01.02 01:01:31.119000;1520.295;1519.805;0.0001;0.0001
2020.01.02 01:01:33.315000;1520.285;1519.795;0.0001;0.0001
2020.01.02 01:01:33.466000;1520.285;1519.775;0.0001;0.0001
2020.01.02 01:01:33.785000;1520.285;1519.795;0.0001;0.0001
2020.01.02 01:01:34.492000;1520.355;1519.865;0.0001;0.0001
2020.01.02 01:01:35.762000;1520.415;1519.905;0.0001;0.0001
2020.01.02 01:01:35.954000;1520.405;1519.905;0.0001;0.0001
2020.01.02 01:01:36.092000;1520.405;1519.915;0.0001;0.0001
2020.01.02 01:01:37.895000;1520.435;1519.935;0.0001;0.0001
2020.01.02 01:01:37.946000;1520.435;1519.945;0.0001;0.0001
2020.01.02 01:01:37.996000;1520.455;1519.945;0.0001;0.0001
2020.01.02 01:01:38.047000;1520.485;1519.985;0.0001;0.0001
2020.01.02 01:01:38.353000;1520.495;1519.995;0.0001;0.0001
2020.01.02 01:01:44.936000;1520.545;1520.035;0.0001;0.0001
2020.01.02 01:01:44.986000;1520.545;1520.045;0.0001;0.0001
2020.01.02 01:01:46.221000;1520.545;1520.035;0.0001;0.0001
2020.01.02 01:01:46.272000;1520.525;1520.035;0.0001;0.0001
2020.01.02 01:01:46.763000;1520.525;1520.025;0.0001;0.0001
2020.01.02 01:01:46.814000;1520.515;1520.025;0.0001;0.0001
2020.01.02 01:01:47.565000;1520.535;1520.035;0.0001;0.0001
2020.01.02 01:01:47.616000;1520.535;1520.045;0.0001;0.0001
2020.01.02 01:01:47.733000;1520.545;1520.055;0.0001;0.0001
2020.01.02 01:01:49.634000;1520.595;1520.085;0.0001;0.0001
2020.01.02 01:01:49.685000;1520.615;1520.125;0.0001;0.0001
2020.01.02 01:01:49.817000;1520.595;1520.105;0.0001;0.0001
2020.01.02 01:01:49.955000;1520.615;1520.125;0.0001;0.0001
2020.01.02 01:01:50.061000;1520.675;1520.175;0.0001;0.0001
2020.01.02 01:01:50.946000;1520.615;1520.115;0.0001;0.0001
2020.01.02 01:01:51.340000;1520.625;1520.135;0.0001;0.0001
2020.01.02 01:01:53.076000;1520.665;1520.175;0.0001;0.0001
2020.01.02 01:01:53.865000;1520.705;1520.205;0.0001;0.0001
2020.01.02 01:01:54.046000;1520.775;1520.275;0.0001;0.0001
2020.01.02 01:01:54.196000;1520.785;1520.285;0.0001;0.0001
2020.01.02 01:01:55.662000;1520.815;1520.315;0.0001;0.0001
2020.01.02 01:01:56.634000;1520.825;1520.335;0.0001;0.0001
2020.01.02 01:01:57.229000;1520.825;1520.315;0.0001;0.0001
2020.01.02 01:01:57.280000;1520.815;1520.315;0.0001;0.0001
2020.01.02 01:01:57.947000;1520.815;1520.335;0.0001;0.0001
2020.01.02 01:01:57.998000;1520.825;1520.335;0.0001;0.0001
2020.01.02 01:01:59.302000;1520.825;1520.315;0.0001;0.0001
2020.01.02 01:01:59.352000;1520.805;1520.315;0.0001;0.0001
2020.01.02 01:02:00.695000;1520.785;1520.285;0.0001;0.0001
2020.01.02 01:02:00.796000;1520.795;1520.305;0.0001;0.0001
2020.01.02 01:02:00.896000;1520.695;1520.195;0.0001;0.0001
2020.01.02 01:02:01.975000;1520.695;1520.185;0.0001;0.0001
2020.01.02 01:02:02.026000;1520.685;1520.185;0.0001;0.0001
2020.01.02 01:02:02.234000;1520.685;1520.155;0.0001;0.0001
2020.01.02 01:02:02.284000;1520.625;1520.125;0.0001;0.0001
2020.01.02 01:02:03.296000;1520.655;1520.155;0.0001;0.0001
2020.01.02 01:02:03.447000;1520.635;1520.145;0.0001;0.0001
2020.01.02 01:02:03.580000;1520.715;1520.215;0.0001;0.0001
2020.01.02 01:02:04.222000;1520.715;1520.225;0.0001;0.0001
2020.01.02 01:02:07.779000;1520.735;1520.225;0.0001;0.0001
2020.01.02 01:02:07.829000;1520.725;1520.225;0.0001;0.0001
2020.01.02 01:02:08.245000;1520.722;1520.225;0.00037;0.0001
2020.01.02 01:02:08.295000;1520.605;1520.105;0.0001;0.0001
2020.01.02 01:02:09.100000;1520.615;1520.125;0.0001;0.0001
2020.01.02 01:02:09.604000;1520.692;1520.075;0.00037;0.0001
2020.01.02 01:02:09.654000;1520.745;1520.245;0.0001;0.0001
2020.01.02 01:02:10.330000;1520.725;1520.235;0.0001;0.0001
2020.01.02 01:02:10.801000;1520.715;1520.225;0.0001;0.0001
2020.01.02 01:02:11.005000;1520.715;1520.215;0.0001;0.0001
2020.01.02 01:02:11.055000;1520.705;1520.215;0.0001;0.0001
2020.01.02 01:02:12.351000;1520.705;1520.195;0.0001;0.0001
2020.01.02 01:02:12.401000;1520.695;1520.185;0.0001;0.0001
2020.01.02 01:02:12.693000;1520.685;1520.185;0.0001;0.0001
2020.01.02 01:02:17.301000;1520.685;1520.135;0.0001;0.0001
2020.01.02 01:02:17.351000;1520.605;1520.115;0.0001;0.0001
2020.01.02 01:02:18.749000;1520.635;1520.135;0.0001;0.0001
2020.01.02 01:02:18.854000;1520.655;1520.165;0.0001;0.0001
2020.01.02 01:02:19.806000;1520.645;1520.135;0.0001;0.0001
2020.01.02 01:02:20.552000;1520.625;1520.135;0.0001;0.0001
2020.01.02 01:02:21.021000;1520.615;1520.115;0.0001;0.0001
2020.01.02 01:02:24.143000;1520.675;1520.175;0.0001;0.0001
2020.01.02 01:02:24.194000;1520.685;1520.175;0.0001;0.0001
2020.01.02 01:02:24.244000;1520.685;1520.195;0.0001;0.0001
2020.01.02 01:02:25.094000;1520.635;1520.145;0.0001;0.0001
2020.01.02 01:02:25.144000;1520.635;1520.135;0.0001;0.0001
2020.01.02 01:02:25.526000;1520.625;1520.135;0.0001;0.0001
2020.01.02 01:02:26.288000;1520.605;1520.105;0.0001;0.0001
2020.01.02 01:02:28.385000;1520.585;1520.095;0.0001;0.0001
2020.01.02 01:02:29.825000;1520.595;1520.095;0.0001;0.0001
2020.01.02 01:02:30.404000;1520.595;1520.105;0.0001;0.0001
2020.01.02 01:02:30.505000;1520.605;1520.105;0.0001;0.0001
2020.01.02 01:02:30.932000;1520.625;1520.125;0.0001;0.0001
2020.01.02 01:02:32.993000;1520.672;1520.195;0.00037;0.0001
2020.01.02 01:02:33.044000;1520.705;1520.195;0.0001;0.0001
2020.01.02 01:02:33.154000;1520.705;1520.205;0.0001;0.0001
2020.01.02 01:02:34.574000;1520.665;1520.165;0.0001;0.0001
2020.01.02 01:02:34.819000;1520.625;1520.135;0.0001;0.0001
2020.01.02 01:02:35.923000;1520.605;1520.115;0.0001;0.0001
2020.01.02 01:02:38.929000;1520.595;1520.085;0.0001;0.0001
2020.01.02 01:02:39.161000;1520.585;1520.085;0.0001;0.0001
2020.01.02 01:02:41.213000;1520.525;1520.035;0.0001;0.0001
2020.01.02 01:02:42.382000;1520.575;1520.085;0.0001;0.0001
2020.01.02 01:02:42.433000;1520.595;1520.085;0.0001;0.0001
2020.01.02 01:02:42.821000;1520.595;1520.095;0.0001;0.0001
2020.01.02 01:02:46.988000;1520.595;1520.115;0.0001;0.0001
2020.01.02 01:02:47.038000;1520.615;1520.115;0.0001;0.0001
2020.01.02 01:02:51.937000;1520.595;1520.105;0.0001;0.0001
2020.01.02 01:02:53.618000;1520.615;1520.125;0.0001;0.0001
2020.01.02 01:02:56.134000;1520.672;1520.195;0.00037;0.0001
2020.01.02 01:02:56.185000;1520.715;1520.215;0.0001;0.0001
2020.01.02 01:02:58.174000;1520.715;1520.205;0.0001;0.0001
2020.01.02 01:02:58.224000;1520.695;1520.205;0.0001;0.0001
2020.01.02 01:03:04.813000;1520.675;1520.185;0.0001;0.0001
2020.01.02 01:03:04.864000;1520.675;1520.165;0.0001;0.0001
2020.01.02 01:03:05.289000;1520.655;1520.165;0.0001;0.0001
2020.01.02 01:03:05.494000;1520.685;1520.185;0.0001;0.0001
2020.01.02 01:03:05.725000;1520.665;1520.175;0.0001;0.0001
2020.01.02 01:03:06.087000;1520.635;1520.135;0.0001;0.0001
2020.01.02 01:03:06.138000;1520.635;1520.125;0.0001;0.0001
2020.01.02 01:03:06.188000;1520.615;1520.125;0.0001;0.0001
2020.01.02 01:03:11.364000;1520.625;1520.135;0.0001;0.0001
2020.01.02 01:03:13.008000;1520.625;1520.145;0.0001;0.0001
2020.01.02 01:03:13.058000;1520.645;1520.145;0.0001;0.0001
2020.01.02 01:03:13.870000;1520.695;1520.205;0.0001;0.0001
2020.01.02 01:03:18.345000;1520.685;1520.185;0.0001;0.0001
2020.01.02 01:03:21.796000;1520.675;1520.175;0.0001;0.0001
2020.01.02 01:03:22.076000;1520.685;1520.185;0.0001;0.0001
2020.01.02 01:03:22.842000;1520.655;1520.165;0.0001;0.0001
2020.01.02 01:03:24.490000;1520.645;1520.155;0.0001;0.0001
2020.01.02 01:03:26.416000;1520.625;1520.125;0.0001;0.0001
2020.01.02 01:03:26.634000;1520.605;1520.125;0.0001;0.0001
2020.01.02 01:03:26.869000;1520.605;1520.105;0.0001;0.0001
2020.01.02 01:03:27.505000;1520.565;1520.075;0.0001;0.0001
2020.01.02 01:03:27.556000;1520.565;1520.045;0.0001;0.0001
2020.01.02 01:03:27.833000;1520.565;1520.065;0.0001;0.0001
2020.01.02 01:03:33.915000;1520.535;1520.035;0.0001;0.0001
2020.01.02 01:03:34.112000;1520.545;1520.055;0.0001;0.0001
2020.01.02 01:03:34.213000;1520.535;1520.035;0.0001;0.0001
2020.01.02 01:03:34.687000;1520.515;1520.025;0.0001;0.0001
2020.01.02 01:03:46.114000;1520.545;1520.055;0.0001;0.0001
2020.01.02 01:03:46.424000;1520.545;1520.065;0.0001;0.0001
2020.01.02 01:03:46.474000;1520.555;1520.065;0.0001;0.0001
2020.01.02 01:03:49.805000;1520.535;1520.045;0.0001;0.0001
2020.01.02 01:03:50.010000;1520.525;1520.025;0.0001;0.0001
2020.01.02 01:03:50.872000;1520.555;1520.045;0.0001;0.0001
2020.01.02 01:03:50.922000;1520.535;1520.025;0.0001;0.0001
2020.01.02 01:03:51.210000;1520.515;1520.025;0.0001;0.0001
2020.01.02 01:03:52.884000;1520.515;1520.015;0.0001;0.0001
2020.01.02 01:03:55.604000;1520.592;1520.245;0.00037;0.0001
2020.01.02 01:03:55.654000;1520.735;1520.245;0.0001;0.0001
2020.01.02 01:03:55.871000;1520.765;1520.275;0.0001;0.0001
2020.01.02 01:04:00.667000;1520.825;1520.325;0.0001;0.0001
2020.01.02 01:04:01.107000;1520.835;1520.335;0.0001;0.0001
2020.01.02 01:04:01.384000;1520.835;1520.345;0.0001;0.0001
2020.01.02 01:04:11.061000;1520.825;1520.335;0.0001;0.0001
2020.01.02 01:04:15.735000;1520.825;1520.355;0.0001;0.0001
2020.01.02 01:04:15.785000;1520.835;1520.335;0.0001;0.0001
2020.01.02 01:04:16.115000;1520.895;1520.385;0.0001;0.0001
2020.01.02 01:04:18.942000;1520.835;1520.345;0.0001;0.0001
2020.01.02 01:04:18.992000;1520.835;1520.335;0.0001;0.0001
2020.01.02 01:04:19.182000;1520.815;1520.335;0.0001;0.0001
2020.01.02 01:04:21.314000;1520.805;1520.325;0.0001;0.0001
2020.01.02 01:04:21.808000;1520.805;1520.315;0.0001;0.0001
2020.01.02 01:04:24.132000;1520.845;1520.355;0.0001;0.0001
2020.01.02 01:04:24.182000;1520.925;1520.415;0.0001;0.0001
2020.01.02 01:04:24.246000;1520.925;1520.435;0.0001;0.0001
2020.01.02 01:04:25.535000;1520.905;1520.415;0.0001;0.0001
2020.01.02 01:04:26.576000;1520.895;1520.405;0.0001;0.0001
2020.01.02 01:04:26.855000;1520.985;1520.485;0.0001;0.0001
2020.01.02 01:04:26.905000;1520.985;1520.495;0.0001;0.0001
2020.01.02 01:04:27.024000;1521.075;1520.585;0.0001;0.0001
2020.01.02 01:04:28.544000;1521.095;1520.595;0.0001;0.0001
2020.01.02 01:04:29.860000;1521.075;1520.585;0.0001;0.0001
2020.01.02 01:04:30.905000;1520.962;1520.585;0.00037;0.0001
2020.01.02 01:04:30.955000;1520.775;1520.275;0.0001;0.0001
2020.01.02 01:04:32.590000;1520.785;1520.295;0.0001;0.0001
2020.01.02 01:04:33.456000;1520.705;1520.215;0.0001;0.0001
2020.01.02 01:04:34.934000;1520.705;1520.195;0.0001;0.0001
2020.01.02 01:04:35.300000;1520.735;1520.245;0.0001;0.0001
2020.01.02 01:04:35.350000;1520.745;1520.245;0.0001;0.0001
2020.01.02 01:04:35.533000;1520.765;1520.265;0.0001;0.0001
2020.01.02 01:04:37.491000;1520.872;1520.435;0.00037;0.0001
2020.01.02 01:04:37.541000;1520.945;1520.445;0.0001;0.0001
2020.01.02 01:04:37.592000;1520.935;1520.435;0.0001;0.0001
2020.01.02 01:04:37.815000;1520.905;1520.405;0.0001;0.0001
2020.01.02 01:04:38.028000;1520.895;1520.405;0.0001;0.0001
2020.01.02 01:04:39.993000;1520.925;1520.435;0.0001;0.0001
2020.01.02 01:04:40.375000;1520.985;1520.465;0.0001;0.0001
2020.01.02 01:04:40.553000;1520.985;1520.485;0.0001;0.0001
2020.01.02 01:04:42.771000;1521.015;1520.495;0.00016;0.0001
2020.01.02 01:04:42.822000;1521.035;1520.495;0.00016;0.0001
2020.01.02 01:04:42.872000;1521.035;1520.515;0.00016;0.0001
2020.01.02 01:04:43.656000;1521.055;1520.535;0.00016;0.0001
2020.01.02 01:04:43.711000;1521.065;1520.535;0.00016;0.0001
2020.01.02 01:04:43.762000;1521.085;1520.565;0.00016;0.0001
2020.01.02 01:04:44.306000;1521.085;1520.565;0.0001;0.0001
2020.01.02 01:04:45.084000;1521.095;1520.575;0.0001;0.0001
2020.01.02 01:04:45.185000;1521.095;1520.595;0.0001;0.0001
2020.01.02 01:04:45.454000;1521.095;1520.575;0.0001;0.0001
2020.01.02 01:04:45.915000;1521.095;1520.595;0.0001;0.0001
2020.01.02 01:04:46.075000;1521.105;1520.575;0.0001;0.0001
2020.01.02 01:04:46.306000;1521.065;1520.575;0.0001;0.0001
2020.01.02 01:04:46.538000;1521.065;1520.585;0.0001;0.0001
2020.01.02 01:04:46.589000;1521.085;1520.585;0.0001;0.0001
2020.01.02 01:04:46.742000;1521.085;1520.575;0.0001;0.0001
2020.01.02 01:04:46.793000;1521.065;1520.575;0.0001;0.0001
2020.01.02 01:04:47.413000;1521.065;1520.585;0.0001;0.0001
2020.01.02 01:04:47.463000;1521.085;1520.585;0.0001;0.0001
2020.01.02 01:04:50.142000;1521.065;1520.575;0.0001;0.0001
2020.01.02 01:04:51.856000;1521.065;1520.668;0.0001;0.00037
2020.01.02 01:04:51.906000;1521.145;1520.655;0.0001;0.0001
2020.01.02 01:04:52.370000;1521.125;1520.635;0.0001;0.0001
2020.01.02 01:04:52.420000;1521.125;1520.625;0.0001;0.0001
2020.01.02 01:04:53.424000;1521.175;1520.685;0.0001;0.0001
2020.01.02 01:04:54.990000;1521.155;1520.665;0.0001;0.0001
2020.01.02 01:04:55.582000;1521.105;1520.615;0.0001;0.0001
2020.01.02 01:04:55.632000;1521.105;1520.595;0.0001;0.0001
2020.01.02 01:04:55.683000;1521.085;1520.595;0.0001;0.0001
2020.01.02 01:04:56.222000;1521.075;1520.585;0.0001;0.0001
2020.01.02 01:04:57.164000;1521.065;1520.565;0.0001;0.0001
2020.01.02 01:04:57.371000;1521.065;1520.535;0.0001;0.0001
2020.01.02 01:04:57.421000;1521.035;1520.525;0.0001;0.0001
2020.01.02 01:04:57.850000;1521.035;1520.545;0.0001;0.0001
2020.01.02 01:04:57.951000;1521.065;1520.575;0.0001;0.0001
2020.01.02 01:04:59.775000;1520.985;1520.505;0.0001;0.0001
2020.01.02 01:05:00.072000;1520.985;1520.485;0.0001;0.0001
2020.01.02 01:05:00.123000;1520.925;1520.435;0.0001;0.0001
2020.01.02 01:05:01.114000;1520.965;1520.455;0.0001;0.0001
2020.01.02 01:05:01.815000;1520.945;1520.435;0.0001;0.0001
2020.01.02 01:05:02.580000;1520.905;1520.405;0.0001;0.0001
2020.01.02 01:05:02.860000;1520.885;1520.395;0.0001;0.0001
2020.01.02 01:05:03.241000;1520.885;1520.375;0.0001;0.0001
2020.01.02 01:05:03.291000;1520.855;1520.355;0.0001;0.0001
2020.01.02 01:05:04.561000;1520.865;1520.365;0.0001;0.0001
2020.01.02 01:05:05.220000;1520.855;1520.355;0.0001;0.0001
2020.01.02 01:05:05.793000;1520.855;1520.365;0.0001;0.0001
2020.01.02 01:05:05.844000;1520.865;1520.365;0.0001;0.0001
2020.01.02 01:05:06.412000;1520.865;1520.355;0.0001;0.0001
2020.01.02 01:05:06.463000;1520.845;1520.355;0.0001;0.0001
2020.01.02 01:05:08.264000;1520.865;1520.365;0.0001;0.0001
2020.01.02 01:05:08.325000;1520.875;1520.385;0.0001;0.0001
2020.01.02 01:05:09.377000;1520.885;1520.395;0.0001;0.0001
2020.01.02 01:05:10.501000;1520.875;1520.385;0.0001;0.0001
2020.01.02 01:05:11.084000;1520.992;1520.505;0.00037;0.0001
2020.01.02 01:05:11.491000;1520.992;1520.475;0.00037;0.0001
2020.01.02 01:05:12.075000;1520.992;1520.435;0.00037;0.0001
2020.01.02 01:05:16.114000;1521.072;1520.515;0.00037;0.0001
2020.01.02 01:05:18.847000;1521.072;1520.485;0.00037;0.0001
2020.01.02 01:05:19.585000;1521.072;1520.465;0.00037;0.0001
2020.01.02 01:05:23.545000;1521.042;1520.445;0.00037;0.0001
2020.01.02 01:05:25.575000;1521.042;1520.455;0.00037;0.0001
2020.01.02 01:05:25.626000;1521.055;1520.455;0.0001;0.0001
2020.01.02 01:05:25.676000;1521.015;1520.445;0.0001;0.0001
2020.01.02 01:05:27.185000;1521.172;1520.575;0.00037;0.0001
2020.01.02 01:05:28.377000;1521.172;1520.595;0.00037;0.0001
2020.01.02 01:05:28.831000;1521.172;1520.635;0.00037;0.0001
2020.01.02 01:05:28.881000;1521.215;1520.635;0.0001;0.0001
2020.01.02 01:05:29.036000;1521.265;1520.695;0.0001;0.0001
2020.01.02 01:05:29.697000;1521.265;1520.705;0.0001;0.0001
2020.01.02 01:05:29.825000;1521.185;1520.685;0.0001;0.0001
2020.01.02 01:05:30.434000;1521.165;1520.675;0.0001;0.0001
2020.01.02 01:05:30.637000;1521.145;1520.655;0.0001;0.0001
2020.01.02 01:05:31.125000;1521.165;1520.665;0.0001;0.0001
2020.01.02 01:05:31.333000;1521.225;1520.715;0.0001;0.0001
2020.01.02 01:05:31.434000;1521.205;1520.715;0.0001;0.0001
2020.01.02 01:05:32.155000;1521.195;1520.695;0.0001;0.0001
2020.01.02 01:05:32.490000;1521.175;1520.685;0.0001;0.0001
2020.01.02 01:05:32.591000;1521.292;1520.755;0.00037;0.0001
2020.01.02 01:05:33.406000;1521.292;1520.725;0.00037;0.0001
2020.01.02 01:05:36.991000;1521.292;1520.785;0.00037;0.0001
2020.01.02 01:05:37.619000;1521.292;1520.735;0.00037;0.0001
2020.01.02 01:05:38.608000;1521.292;1520.695;0.00037;0.0001
2020.01.02 01:05:39.794000;1521.282;1520.695;0.00022;0.0001
2020.01.02 01:05:41.345000;1521.252;1520.625;0.00022;0.0001
2020.01.02 01:05:42.544000;1521.202;1520.625;0.00022;0.0001
2020.01.02 01:05:43.361000;1521.202;1520.575;0.00022;0.0001
2020.01.02 01:05:43.412000;1521.222;1520.655;0.00022;0.0001
2020.01.02 01:05:43.903000;1521.202;1520.655;0.00022;0.0001
2020.01.02 01:05:44.314000;1521.202;1520.705;0.00022;0.0001
2020.01.02 01:05:44.364000;1521.272;1520.705;0.00022;0.0001
2020.01.02 01:05:46.054000;1521.372;1520.705;0.00022;0.0001
2020.01.02 01:05:46.104000;1521.372;1520.775;0.00022;0.0001
2020.01.02 01:05:51.635000;1521.332;1520.775;0.00037;0.0001
2020.01.02 01:05:51.685000;1521.372;1520.735;0.00037;0.0001
2020.01.02 01:05:52.684000;1521.302;1520.735;0.00037;0.0001
2020.01.02 01:06:08.905000;1521.302;1520.705;0.00037;0.0001
2020.01.02 01:06:10.054000;1521.302;1520.618;0.00037;0.00037
2020.01.02 01:06:10.105000;1521.182;1520.605;0.00037;0.0001
2020.01.02 01:06:35.574000;1521.132;1520.605;0.00037;0.0001
2020.01.02 01:06:35.625000;1521.172;1520.575;0.00037;0.0001
2020.01.02 01:06:37.174000;1521.132;1520.575;0.00037;0.0001
2020.01.02 01:06:39.604000;1521.172;1520.575;0.00037;0.0001
2020.01.02 01:06:39.655000;1521.172;1520.605;0.00037;0.0001
2020.01.02 01:06:39.710000;1521.172;1520.565;0.00037;0.0001
2020.01.02 01:06:39.846000;1521.815;1520.565;0.0001;0.0001
2020.01.02 01:06:40.244000;1521.172;1520.565;0.00037;0.0001
2020.01.02 01:06:40.500000;1521.172;1520.635;0.00037;0.0001
2020.01.02 01:06:40.551000;1521.272;1520.695;0.00037;0.0001
2020.01.02 01:06:41.925000;1521.232;1520.695;0.00037;0.0001
2020.01.02 01:06:41.976000;1521.232;1520.645;0.00037;0.0001
2020.01.02 01:06:42.976000;1521.192;1520.645;0.00037;0.0001
2020.01.02 01:06:43.254000;1521.272;1520.645;0.00037;0.0001
2020.01.02 01:06:43.354000;1521.272;1520.685;0.00037;0.0001
2020.01.02 01:06:55.764000;1521.272;1520.725;0.00037;0.0001
2020.01.02 01:06:55.814000;1521.322;1520.725;0.00037;0.0001
2020.01.02 01:07:02.783000;1521.372;1520.785;0.00037;0.0001
2020.01.02 01:07:10.372000;1521.332;1520.785;0.00037;0.0001
2020.01.02 01:07:10.423000;1521.372;1520.785;0.00037;0.0001
2020.01.02 01:07:17.302000;1521.372;1520.815;0.00037;0.0001
2020.01.02 01:07:21.314000;1521.372;1520.855;0.00037;0.0001
2020.01.02 01:07:21.365000;1521.472;1520.895;0.00037;0.0001
2020.01.02 01:07:26.724000;1521.522;1520.895;0.00022;0.0001
2020.01.02 01:07:26.775000;1521.522;1520.935;0.00022;0.0001
2020.01.02 01:07:28.550000;1521.572;1520.975;0.00022;0.0001
2020.01.02 01:07:32.115000;1521.552;1520.975;0.00022;0.0001
2020.01.02 01:07:32.206000;1521.552;1520.915;0.00022;0.0001
2020.01.02 01:07:33.171000;1521.492;1520.915;0.00022;0.0001
2020.01.02 01:07:36.826000;1521.522;1520.915;0.00037;0.0001
2020.01.02 01:07:37.462000;1521.522;1520.885;0.00037;0.0001
2020.01.02 01:07:37.824000;1521.492;1520.885;0.00037;0.0001
2020.01.02 01:07:42.211000;1521.492;1520.925;0.00037;0.0001
2020.01.02 01:07:42.262000;1521.522;1520.925;0.00037;0.0001
2020.01.02 01:07:46.064000;1521.572;1520.925;0.00037;0.0001
2020.01.02 01:07:46.115000;1521.572;1520.955;0.00037;0.0001
2020.01.02 01:08:02.665000;1521.622;1520.968;0.00037;0.00037
2020.01.02 01:08:02.715000;1521.622;1521.015;0.00037;0.0001
2020.01.02 01:08:02.784000;1521.672;1521.015;0.00037;0.0001
2020.01.02 01:08:04.085000;1521.662;1521.015;0.00037;0.0001
2020.01.02 01:08:04.679000;1521.662;1520.975;0.00037;0.0001
2020.01.02 01:08:04.995000;1521.602;1520.975;0.00037;0.0001
2020.01.02 01:08:10.174000;1521.572;1520.975;0.00037;0.0001
2020.01.02 01:08:10.225000;1521.572;1520.915;0.00037;0.0001
2020.01.02 01:08:11.823000;1521.522;1520.885;0.00037;0.0001
2020.01.02 01:08:12.185000;1521.482;1520.885;0.00037;0.0001
2020.01.02 01:08:12.235000;1521.482;1520.785;0.00037;0.0001
2020.01.02 01:08:12.884000;1521.422;1520.785;0.00037;0.0001
2020.01.02 01:08:13.886000;1521.392;1520.785;0.00037;0.0001
2020.01.02 01:08:23.629000;1522.065;1520.785;0.0001;0.0001
2020.01.02 01:08:23.730000;1522.125;1520.785;0.00016;0.0001
2020.01.02 01:08:23.956000;1522.085;1520.785;0.00016;0.0001
2020.01.02 01:08:25.263000;1522.085;1520.825;0.00016;0.0001
2020.01.02 01:08:25.638000;1521.422;1520.825;0.00037;0.0001
2020.01.02 01:08:27.668000;1521.472;1520.855;0.00037;0.0001
2020.01.02 01:08:28.394000;1521.412;1520.855;0.00037;0.0001
2020.01.02 01:08:28.445000;1521.412;1520.805;0.00037;0.0001
2020.01.02 01:08:30.393000;1521.382;1520.805;0.00037;0.0001
2020.01.02 01:08:30.985000;1521.472;1520.805;0.00037;0.0001
2020.01.02 01:08:31.035000;1521.472;1520.835;0.00037;0.0001
2020.01.02 01:08:34.854000;1521.452;1520.835;0.00037;0.0001
2020.01.02 01:08:34.905000;1521.452;1520.795;0.00037;0.0001
2020.01.02 01:08:35.854000;1521.402;1520.795;0.00037;0.0001
2020.01.02 01:08:37.321000;1521.402;1520.765;0.00037;0.0001
2020.01.02 01:08:39.707000;1521.402;1520.718;0.00037;0.00037
2020.01.02 01:08:39.758000;1521.402;1520.775;0.00037;0.0001
2020.01.02 01:08:43.514000;1521.472;1520.835;0.00037;0.0001
2020.01.02 01:08:52.964000;1521.472;1520.865;0.00037;0.0001
2020.01.02 01:09:01.561000;1521.472;1520.835;0.00037;0.0001
2020.01.02 01:09:04.021000;1521.432;1521.008;0.00022;0.00015
2020.01.02 01:09:05.463000;1521.472;1521.058;0.00037;0.00052
2020.01.02 01:09:06.485000;1521.432;1521.008;0.00022;0.00015
2020.01.02 01:09:07.134000;1521.472;1521.028;0.00037;0.00052
2020.01.02 01:09:07.271000;1521.472;1520.988;0.00037;0.00052
2020.01.02 01:09:07.894000;1521.472;1521.048;0.00037;0.00052
2020.01.02 01:09:10.558000;1521.472;1521.038;0.00037;0.00052
2020.01.02 01:09:10.714000;1521.472;1521.048;0.00037;0.00052
2020.01.02 01:09:11.624000;1521.472;1521.058;0.00037;0.00052
2020.01.02 01:09:11.893000;1521.472;1521.068;0.00037;0.00015
2020.01.02 01:09:13.134000;1521.472;1521.058;0.00037;0.00015
2020.01.02 01:09:21.545000;1521.472;1520.988;0.00037;0.00052
2020.01.02 01:09:21.624000;1521.432;1521.008;0.00022;0.00015
2020.01.02 01:09:22.184000;1521.472;1521.058;0.00037;0.00015
2020.01.02 01:09:27.005000;1521.422;1520.998;0.00022;0.0001
2020.01.02 01:09:35.614000;1521.472;1521.048;0.0006;0.00015
2020.01.02 01:09:37.358000;1521.422;1520.998;0.00022;0.00015
2020.01.02 01:09:39.611000;1521.372;1520.948;0.00022;0.00015
2020.01.02 01:09:41.421000;1521.362;1520.938;0.00022;0.00015
2020.01.02 01:09:41.577000;1521.322;1520.898;0.00022;0.00015
2020.01.02 01:09:42.524000;1521.372;1520.948;0.00022;0.00015
2020.01.02 01:09:43.044000;1521.292;1520.868;0.00022;0.00015
2020.01.02 01:09:43.204000;1521.292;1520.788;0.00022;0.00052
2020.01.02 01:09:43.305000;1521.282;1520.778;0.00022;0.00052
2020.01.02 01:09:45.184000;1521.222;1520.718;0.00022;0.00052
2020.01.02 01:09:45.774000;1521.222;1520.728;0.00022;0.00052
2020.01.02 01:09:46.614000;1521.212;1520.718;0.00022;0.00052
2020.01.02 01:09:46.928000;1521.172;1520.688;0.00022;0.00052
2020.01.02 01:09:47.665000;1521.202;1520.758;0.00037;0.00052
2020.01.02 01:09:49.284000;1521.172;1520.688;0.00022;0.00052
2020.01.02 01:09:49.899000;1521.182;1520.688;0.00022;0.00052
2020.01.02 01:09:50.774000;1521.182;1520.758;0.00022;0.0001
2020.01.02 01:09:51.465000;1521.272;1520.848;0.0006;0.0001
2020.01.02 01:09:51.734000;1521.272;1520.898;0.00037;0.0001
2020.01.02 01:09:51.785000;1521.272;1520.848;0.0006;0.0001
2020.01.02 01:09:52.065000;1521.262;1520.848;0.00037;0.0001
2020.01.02 01:09:52.575000;1521.262;1520.888;0.00037;0.0001
2020.01.02 01:09:52.626000;1521.272;1520.888;0.00037;0.0001
2020.01.02 01:09:53.114000;1521.272;1520.848;0.0006;0.0001
2020.01.02 01:09:53.804000;1521.242;1520.848;0.00037;0.0001
2020.01.02 01:09:54.785000;1521.242;1520.838;0.00037;0.0001
2020.01.02 01:09:55.129000;1521.272;1520.858;0.00037;0.0001
2020.01.02 01:09:55.364000;1521.272;1520.948;0.00037;0.0001
2020.01.02 01:09:55.674000;1521.272;1520.868;0.00037;0.0001
2020.01.02 01:09:56.015000;1521.272;1520.958;0.00037;0.00015
2020.01.02 01:09:56.065000;1521.272;1520.878;0.00037;0.00015
2020.01.02 01:09:56.534000;1521.272;1520.868;0.00037;0.00015
2020.01.02 01:09:57.224000;1521.272;1520.878;0.00037;0.00015
2020.01.02 01:09:58.726000;1521.252;1520.828;0.00022;0.00015
2020.01.02 01:09:59.678000;1521.232;1520.808;0.00022;0.00015
2020.01.02 01:09:59.885000;1521.262;1520.838;0.00022;0.00015
2020.01.02 01:10:00.345000;1521.192;1520.768;0.00022;0.00015
2020.01.02 01:10:03.413000;1521.135;1520.768;0.00037;0.00022
2020.01.02 01:10:03.745000;1521.105;1520.768;0.00037;0.00022
2020.01.02 01:10:04.456000;1521.125;1520.768;0.00037;0.00022
2020.01.02 01:10:04.507000;1521.095;1520.768;0.00037;0.00022
2020.01.02 01:10:04.574000;1521.115;1520.768;0.00037;0.00022
2020.01.02 01:10:04.675000;1521.095;1520.768;0.00037;0.00022
2020.01.02 01:10:05.529000;1521.095;1520.515;0.00037;0.0001
2020.01.02 01:10:06.056000;1521.045;1520.668;0.00037;0.00022
2020.01.02 01:10:06.386000;1520.995;1520.668;0.00037;0.00022
2020.01.02 01:10:06.784000;1520.995;1520.658;0.00037;0.00022
2020.01.02 01:10:09.258000;1521.015;1520.658;0.00037;0.00022
2020.01.02 01:10:09.309000;1521.115;1520.758;0.00037;0.00022
2020.01.02 01:10:09.410000;1521.125;1520.758;0.00037;0.00022
2020.01.02 01:10:09.460000;1521.085;1520.758;0.00037;0.00022
2020.01.02 01:10:10.325000;1520.985;1520.638;0.00037;0.00022
2020.01.02 01:10:10.376000;1520.965;1520.578;0.00037;0.00022
2020.01.02 01:10:10.426000;1520.905;1520.578;0.00037;0.00022
2020.01.02 01:10:10.881000;1520.905;1520.628;0.00037;0.00022
2020.01.02 01:10:10.931000;1520.945;1520.628;0.00037;0.00022
2020.01.02 01:10:12.335000;1520.945;1520.568;0.00037;0.00022
2020.01.02 01:10:12.386000;1520.895;1520.568;0.00037;0.00022
2020.01.02 01:10:14.711000;1520.905;1520.568;0.00037;0.00022
2020.01.02 01:10:14.762000;1520.945;1520.678;0.00037;0.00022
2020.01.02 01:10:14.812000;1520.995;1520.668;0.00037;0.00015
2020.01.02 01:10:14.986000;1520.975;1520.588;0.00037;0.00015
2020.01.02 01:10:15.036000;1520.915;1520.588;0.00037;0.00015
2020.01.02 01:10:16.450000;1520.815;1520.438;0.00037;0.00015
2020.01.02 01:10:16.501000;1520.765;1520.388;0.00037;0.00015
2020.01.02 01:10:16.602000;1520.715;1520.388;0.00037;0.00015
2020.01.02 01:10:16.824000;1520.715;1520.378;0.00037;0.00015
2020.01.02 01:10:16.881000;1520.705;1520.338;0.00037;0.00015
2020.01.02 01:10:16.932000;1520.665;1520.338;0.00037;0.00015
2020.01.02 01:10:17.450000;1520.635;1520.318;0.00037;0.00015
2020.01.02 01:10:18.319000;1520.615;1520.248;0.00037;0.00015
2020.01.02 01:10:18.369000;1520.565;1520.248;0.00037;0.00015
2020.01.02 01:10:18.659000;1520.595;1520.248;0.00037;0.00015
2020.01.02 01:10:18.709000;1520.655;1520.308;0.00037;0.00015
2020.01.02 01:10:18.834000;1520.635;1520.308;0.00037;0.00015
2020.01.02 01:10:19.503000;1520.635;1520.298;0.00037;0.00015
2020.01.02 01:10:19.638000;1520.625;1520.258;0.00037;0.00015
2020.01.02 01:10:19.689000;1520.585;1520.258;0.00037;0.00015
2020.01.02 01:10:19.915000;1520.605;1520.258;0.00037;0.00015
2020.01.02 01:10:20.015000;1520.615;1520.288;0.00037;0.00015
2020.01.02 01:10:20.134000;1520.615;1520.268;0.00037;0.00015
2020.01.02 01:10:20.244000;1520.595;1520.268;0.00037;0.00015
2020.01.02 01:10:23.520000;1520.615;1520.268;0.00037;0.00015
2020.01.02 01:10:23.621000;1520.615;1520.288;0.00037;0.00015
2020.01.02 01:10:24.054000;1520.595;1520.258;0.00037;0.00015
2020.01.02 01:10:29.456000;1520.605;1520.258;0.00037;0.00015
2020.01.02 01:10:29.507000;1520.672;1520.318;0.00037;0.00015
2020.01.02 01:10:29.557000;1520.645;1520.318;0.00037;0.00015
2020.01.02 01:10:30.743000;1520.645;1520.308;0.00037;0.00015
2020.01.02 01:10:31.135000;1520.665;1520.288;0.00037;0.00015
2020.01.02 01:10:31.185000;1520.645;1520.358;0.00037;0.00015
2020.01.02 01:10:31.236000;1520.685;1520.358;0.00037;0.00015
2020.01.02 01:10:32.295000;1520.695;1520.358;0.00037;0.00015
2020.01.02 01:10:32.550000;1520.705;1520.358;0.00037;0.00015
2020.01.02 01:10:32.651000;1520.675;1520.358;0.00037;0.00015
2020.01.02 01:10:34.399000;1520.705;1520.378;0.00037;0.00015
2020.01.02 01:10:34.449000;1520.735;1520.418;0.00037;0.00015
2020.01.02 01:10:34.500000;1520.765;1520.438;0.00037;0.00015
2020.01.02 01:10:34.771000;1520.765;1520.428;0.00037;0.00015
2020.01.02 01:10:34.872000;1520.835;1520.448;0.00037;0.00022
2020.01.02 01:10:34.972000;1520.775;1520.448;0.00037;0.00022
2020.01.02 01:10:35.279000;1520.765;1520.448;0.00037;0.00022
2020.01.02 01:10:35.329000;1520.765;1520.368;0.00037;0.00022
2020.01.02 01:10:35.380000;1520.705;1520.368;0.00037;0.00022
2020.01.02 01:10:36.141000;1520.635;1520.298;0.00037;0.00022
2020.01.02 01:10:36.446000;1520.635;1520.288;0.00037;0.00022
2020.01.02 01:10:36.497000;1520.615;1520.288;0.00037;0.00022
2020.01.02 01:10:36.694000;1520.615;1520.238;0.00037;0.00022
2020.01.02 01:10:36.745000;1520.615;1520.228;0.00037;0.00022
2020.01.02 01:10:36.795000;1520.555;1520.228;0.00037;0.00022
2020.01.02 01:10:37.235000;1520.555;1520.348;0.00037;0.00022
2020.01.02 01:10:37.285000;1520.755;1520.348;0.00037;0.00022
2020.01.02 01:10:37.336000;1520.665;1520.358;0.00037;0.00022
2020.01.02 01:10:37.431000;1520.685;1520.358;0.00037;0.00022
2020.01.02 01:10:37.482000;1520.785;1520.408;0.00037;0.00022
2020.01.02 01:10:37.532000;1520.725;1520.408;0.00037;0.00022
2020.01.02 01:10:39.349000;1520.765;1520.408;0.00037;0.00022
2020.01.02 01:10:39.450000;1520.755;1520.428;0.00037;0.00022
2020.01.02 01:10:40.174000;1520.755;1520.408;0.00037;0.00022
2020.01.02 01:10:40.275000;1520.735;1520.408;0.00037;0.00022
2020.01.02 01:10:44.774000;1520.735;1520.418;0.00037;0.00022
2020.01.02 01:10:47.867000;1520.765;1520.418;0.00037;0.00022
2020.01.02 01:10:47.918000;1520.845;1520.428;0.00037;0.00022
2020.01.02 01:10:47.968000;1520.755;1520.428;0.00037;0.00022
2020.01.02 01:10:48.312000;1520.775;1520.428;0.00037;0.00022
2020.01.02 01:10:48.363000;1520.845;1520.548;0.00037;0.00022
2020.01.02 01:10:48.413000;1520.715;1520.388;0.0001;0.00022
2020.01.02 01:10:48.464000;1520.715;1520.368;0.00045;0.00022
2020.01.02 01:10:48.729000;1520.645;1520.318;0.0001;0.00022
2020.01.02 01:10:48.914000;1520.615;1520.318;0.0001;0.00022
2020.01.02 01:10:48.964000;1520.615;1520.258;0.0001;0.00022
2020.01.02 01:10:49.015000;1520.595;1520.238;0.0001;0.00022
2020.01.02 01:10:49.205000;1520.595;1520.218;0.0001;0.00022
2020.01.02 01:10:49.255000;1520.515;1520.168;0.00045;0.00022
2020.01.02 01:10:49.356000;1520.495;1520.168;0.00037;0.00022
2020.01.02 01:10:50.484000;1520.495;1520.238;0.00037;0.00022
2020.01.02 01:10:50.534000;1520.525;1520.178;0.0001;0.00022
2020.01.02 01:10:50.585000;1520.505;1520.178;0.00037;0.00022
2020.01.02 01:10:52.224000;1520.505;1520.168;0.00037;0.00015
2020.01.02 01:10:52.325000;1520.495;1520.148;0.00037;0.00015
2020.01.02 01:10:52.425000;1520.605;1520.198;0.0001;0.00015
2020.01.02 01:10:52.476000;1520.605;1520.248;0.0001;0.00015
2020.01.02 01:10:53.575000;1520.535;1520.168;0.0001;0.00015
2020.01.02 01:10:53.625000;1520.495;1520.168;0.00037;0.00015
2020.01.02 01:10:53.694000;1520.495;1520.158;0.00037;0.00015
2020.01.02 01:10:54.054000;1520.495;1520.118;0.00037;0.00015
2020.01.02 01:10:54.160000;1520.455;1520.118;0.00037;0.00015
2020.01.02 01:10:55.545000;1520.455;1520.108;0.00037;0.00015
2020.01.02 01:10:55.605000;1520.465;1520.108;0.00037;0.00015
2020.01.02 01:10:55.656000;1520.445;1520.108;0.00037;0.00015
2020.01.02 01:11:00.153000;1520.445;1520.098;0.00037;0.00015
2020.01.02 01:11:00.204000;1520.445;1520.088;0.00037;0.00015
2020.01.02 01:11:01.135000;1520.455;1520.088;0.00037;0.00015
2020.01.02 01:11:01.185000;1520.475;1520.108;0.0001;0.00015
2020.01.02 01:11:01.334000;1520.455;1520.108;0.00037;0.00015
2020.01.02 01:11:01.384000;1520.455;1520.098;0.00037;0.00015
2020.01.02 01:11:02.197000;1520.435;1520.098;0.00037;0.00015
2020.01.02 01:11:02.570000;1520.455;1520.098;0.00037;0.00015
2020.01.02 01:11:02.621000;1520.505;1520.148;0.0001;0.00015
2020.01.02 01:11:02.984000;1520.485;1520.148;0.00037;0.00015
2020.01.02 01:11:04.026000;1520.485;1520.158;0.00037;0.00015
2020.01.02 01:11:04.125000;1520.485;1520.148;0.00037;0.00015
2020.01.02 01:11:04.300000;1520.505;1520.148;0.0001;0.00015
2020.01.02 01:11:04.351000;1520.585;1520.198;0.0001;0.00015
2020.01.02 01:11:04.451000;1520.505;1520.168;0.00037;0.00015
2020.01.02 01:11:05.928000;1520.505;1520.148;0.00037;0.00015
2020.01.02 01:11:06.029000;1520.485;1520.148;0.00037;0.00015
2020.01.02 01:11:06.340000;1520.505;1520.148;0.00037;0.00015
2020.01.02 01:11:06.390000;1520.525;1520.168;0.0001;0.00015
2020.01.02 01:11:06.616000;1520.505;1520.168;0.00037;0.00015
2020.01.02 01:11:07.904000;1520.505;1520.158;0.00045;0.00015
2020.01.02 01:11:08.851000;1520.485;1520.148;0.00045;0.00015
2020.01.02 01:11:08.980000;1520.485;1520.158;0.00045;0.00015
2020.01.02 01:11:09.030000;1520.485;1520.148;0.00045;0.00015
2020.01.02 01:11:09.196000;1520.485;1520.108;0.00045;0.00015
2020.01.02 01:11:09.296000;1520.445;1520.108;0.00037;0.00015
2020.01.02 01:11:09.739000;1520.465;1520.108;0.00037;0.00015
2020.01.02 01:11:09.790000;1520.485;1520.158;0.00045;0.00015
2020.01.02 01:11:09.975000;1520.485;1520.108;0.0001;0.00015
2020.01.02 01:11:10.080000;1520.455;1520.108;0.00037;0.00015
2020.01.02 01:11:10.300000;1520.455;1520.098;0.00037;0.00015
2020.01.02 01:11:10.400000;1520.435;1520.098;0.00037;0.00015
2020.01.02 01:11:11.025000;1520.435;1520.078;0.00037;0.00015
2020.01.02 01:11:11.393000;1520.445;1520.078;0.00037;0.00015
2020.01.02 01:11:11.443000;1520.445;1520.088;0.0001;0.00015
2020.01.02 01:11:11.544000;1520.415;1520.078;0.00037;0.00015
2020.01.02 01:11:13.415000;1520.415;1520.068;0.00037;0.00022
2020.01.02 01:11:14.296000;1520.435;1520.068;0.00045;0.00022
2020.01.02 01:11:14.346000;1520.445;1520.088;0.0001;0.00022
2020.01.02 01:11:14.540000;1520.425;1520.088;0.00037;0.00022
2020.01.02 01:11:16.064000;1520.425;1520.078;0.00037;0.00015
2020.01.02 01:11:16.164000;1520.415;1520.068;0.00037;0.00015
2020.01.02 01:11:16.570000;1520.415;1520.048;0.00037;0.00015
2020.01.02 01:11:18.881000;1520.425;1520.058;0.0001;0.00015
2020.01.02 01:11:19.212000;1520.435;1520.088;0.00037;0.00015
2020.01.02 01:11:19.605000;1520.412;1519.988;0.00022;0.00015
2020.01.02 01:11:19.655000;1520.365;1519.988;0.0001;0.00015
2020.01.02 01:11:19.822000;1520.325;1519.988;0.00037;0.00015
2020.01.02 01:11:20.266000;1520.325;1519.978;0.00037;0.00015
2020.01.02 01:11:20.387000;1520.325;1519.928;0.00037;0.00015
2020.01.02 01:11:20.437000;1520.305;1519.928;0.00037;0.00015
2020.01.02 01:11:20.558000;1520.255;1519.928;0.00037;0.00015
2020.01.02 01:11:21.336000;1520.275;1519.928;0.00037;0.00015
2020.01.02 01:11:21.436000;1520.315;1519.978;0.00037;0.00015
2020.01.02 01:11:21.740000;1520.315;1519.988;0.00037;0.00015
2020.01.02 01:11:22.182000;1520.315;1519.968;0.00037;0.00015
2020.01.02 01:11:23.833000;1520.315;1519.998;0.00037;0.00015
2020.01.02 01:11:23.883000;1520.335;1519.998;0.00037;0.00015
2020.01.02 01:11:25.174000;1520.335;1519.978;0.00037;0.00015
2020.01.02 01:11:25.484000;1520.335;1519.968;0.00037;0.00015
2020.01.02 01:11:25.535000;1520.335;1519.978;0.00045;0.00015
2020.01.02 01:11:25.765000;1520.315;1519.978;0.00037;0.00015
2020.01.02 01:11:26.147000;1520.315;1519.958;0.00037;0.00015
2020.01.02 01:11:27.135000;1520.315;1519.988;0.00037;0.00015
2020.01.02 01:11:27.186000;1520.325;1519.988;0.00037;0.00015
2020.01.02 01:11:27.861000;1520.335;1519.988;0.0001;0.00015
2020.01.02 01:11:27.911000;1520.355;1520.008;0.0001;0.00015
2020.01.02 01:11:28.454000;1520.455;1520.098;0.0001;0.00015
2020.01.02 01:11:28.505000;1520.435;1520.098;0.00037;0.00015
2020.01.02 01:11:28.954000;1520.435;1520.078;0.00037;0.00015
2020.01.02 01:11:29.340000;1520.415;1520.068;0.00037;0.00015
2020.01.02 01:11:31.424000;1520.425;1520.198;0.00037;0.00015
2020.01.02 01:11:31.475000;1520.555;1520.198;0.0001;0.00015
2020.01.02 01:11:31.525000;1520.525;1520.198;0.00037;0.00015
2020.01.02 01:11:32.085000;1520.525;1520.188;0.00037;0.00015
2020.01.02 01:11:32.265000;1520.525;1520.168;0.00037;0.00015
2020.01.02 01:11:32.319000;1520.515;1520.168;0.00037;0.00015
2020.01.02 01:11:32.424000;1520.495;1520.168;0.00037;0.00015
2020.01.02 01:11:33.805000;1520.495;1520.128;0.00037;0.00015
2020.01.02 01:11:33.906000;1520.485;1520.128;0.00037;0.00015
2020.01.02 01:11:33.956000;1520.545;1520.168;0.0001;0.00015
2020.01.02 01:11:34.006000;1520.515;1520.168;0.00037;0.00015
2020.01.02 01:11:35.633000;1520.535;1520.168;0.00037;0.00022
2020.01.02 01:11:35.684000;1520.545;1520.288;0.0001;0.00022
2020.01.02 01:11:39.204000;1520.555;1520.188;0.0001;0.00015
2020.01.02 01:11:39.258000;1520.525;1520.188;0.00037;0.00015
2020.01.02 01:11:40.681000;1520.525;1520.158;0.00037;0.00015
2020.01.02 01:11:40.732000;1520.505;1520.158;0.00037;0.00015
2020.01.02 01:11:40.960000;1520.495;1520.158;0.00037;0.00015
2020.01.02 01:11:41.554000;1520.515;1520.158;0.00037;0.00015
2020.01.02 01:11:41.655000;1520.535;1520.208;0.00037;0.00015
2020.01.02 01:11:41.705000;1520.555;1520.208;0.00037;0.00015
2020.01.02 01:11:41.923000;1520.605;1520.208;0.0001;0.00015
2020.01.02 01:11:42.024000;1520.535;1520.208;0.00037;0.00015
2020.01.02 01:11:43.192000;1520.555;1520.208;0.00037;0.00015
2020.01.02 01:11:43.243000;1520.615;1520.248;0.0001;0.00015
2020.01.02 01:11:43.534000;1520.602;1520.178;0.00022;0.00015
2020.01.02 01:11:43.584000;1520.555;1520.178;0.0001;0.00015
2020.01.02 01:11:43.702000;1520.515;1520.178;0.00037;0.00015
2020.01.02 01:11:43.894000;1520.515;1520.258;0.00037;0.00015
2020.01.02 01:11:43.944000;1520.545;1520.178;0.0001;0.00015
2020.01.02 01:11:43.995000;1520.515;1520.178;0.00037;0.00015
2020.01.02 01:11:44.195000;1520.515;1520.168;0.00037;0.00015
2020.01.02 01:11:44.965000;1520.555;1520.188;0.0001;0.00015
2020.01.02 01:11:45.015000;1520.535;1520.188;0.00037;0.00015
2020.01.02 01:11:45.205000;1520.545;1520.238;0.0001;0.00015
2020.01.02 01:11:45.306000;1520.555;1520.198;0.0001;0.00015
2020.01.02 01:11:45.357000;1520.535;1520.198;0.00037;0.00015
2020.01.02 01:11:48.294000;1520.535;1520.158;0.00037;0.00015
2020.01.02 01:11:48.395000;1520.495;1520.158;0.00037;0.00015
2020.01.02 01:11:48.445000;1520.555;1520.188;0.0001;0.00015
2020.01.02 01:11:48.496000;1520.525;1520.188;0.00037;0.00015
2020.01.02 01:11:48.546000;1520.555;1520.188;0.0001;0.00015
2020.01.02 01:11:48.647000;1520.525;1520.188;0.00037;0.00015
2020.01.02 01:11:50.834000;1520.525;1520.178;0.00037;0.00015
2020.01.02 01:11:50.885000;1520.625;1520.208;0.0001;0.00015
2020.01.02 01:11:50.935000;1520.545;1520.208;0.00037;0.00015
2020.01.02 01:11:51.574000;1520.545;1520.218;0.00037;0.00015
2020.01.02 01:11:52.015000;1520.595;1520.218;0.00037;0.00015
2020.01.02 01:11:52.066000;1520.625;1520.328;0.0001;0.00015
2020.01.02 01:11:54.968000;1520.625;1520.228;0.0001;0.00015
2020.01.02 01:11:55.068000;1520.555;1520.228;0.00037;0.00015
2020.01.02 01:11:55.203000;1520.555;1520.218;0.00037;0.00015
2020.01.02 01:11:56.598000;1520.585;1520.218;0.00037;0.00022
2020.01.02 01:11:56.649000;1520.625;1520.318;0.0001;0.00022
2020.01.02 01:12:00.297000;1520.625;1520.308;0.00045;0.00022
2020.01.02 01:12:00.864000;1520.615;1520.278;0.0001;0.00022
2020.01.02 01:12:00.915000;1520.605;1520.278;0.00037;0.00022
2020.01.02 01:12:02.506000;1520.605;1520.228;0.00037;0.00022
2020.01.02 01:12:02.607000;1520.555;1520.228;0.00037;0.00022
2020.01.02 01:12:02.795000;1520.545;1520.188;0.0001;0.00022
2020.01.02 01:12:02.845000;1520.515;1520.188;0.00037;0.00022
2020.01.02 01:12:03.034000;1520.515;1520.178;0.00037;0.00022
2020.01.02 01:12:03.085000;1520.515;1520.158;0.00037;0.00022
2020.01.02 01:12:03.185000;1520.485;1520.158;0.00037;0.00022
2020.01.02 01:12:03.236000;1520.485;1520.128;0.00037;0.00022
2020.01.02 01:12:03.286000;1520.455;1520.128;0.00037;0.00022
2020.01.02 01:12:03.942000;1520.455;1520.118;0.00037;0.00022
2020.01.02 01:12:04.006000;1520.455;1520.068;0.00037;0.00022
2020.01.02 01:12:04.056000;1520.435;1520.068;0.0001;0.00022
2020.01.02 01:12:04.315000;1520.395;1520.028;0.00037;0.00022
2020.01.02 01:12:04.424000;1520.355;1520.028;0.00037;0.00022
2020.01.02 01:12:06.852000;1520.355;1520.018;0.00037;0.00022
2020.01.02 01:12:06.952000;1520.335;1519.988;0.00037;0.00022
2020.01.02 01:12:07.003000;1520.315;1519.988;0.00037;0.00022
2020.01.02 01:12:07.694000;1520.315;1520.008;0.00037;0.00022
2020.01.02 01:12:07.795000;1520.315;1519.928;0.00037;0.00022
2020.01.02 01:12:07.846000;1520.285;1519.928;0.00037;0.00022
2020.01.02 01:12:08.024000;1520.255;1519.928;0.00037;0.00022
2020.01.02 01:12:08.125000;1520.255;1519.918;0.00037;0.00022
2020.01.02 01:12:12.136000;1520.325;1519.918;0.0001;0.00022
2020.01.02 01:12:12.237000;1520.255;1519.918;0.00037;0.00022
2020.01.02 01:12:12.422000;1520.275;1519.918;0.00037;0.00022
2020.01.02 01:12:12.473000;1520.265;1519.908;0.0001;0.00015
2020.01.02 01:12:12.661000;1520.235;1519.908;0.00037;0.00015
2020.01.02 01:12:13.355000;1520.255;1519.918;0.00037;0.00015
2020.01.02 01:12:13.405000;1520.245;1519.918;0.00037;0.00015
2020.01.02 01:12:13.535000;1520.245;1520.038;0.00037;0.00015
2020.01.02 01:12:13.636000;1520.335;1520.038;0.0001;0.00015
2020.01.02 01:12:13.737000;1520.345;1520.018;0.0001;0.00015
2020.01.02 01:12:13.787000;1520.335;1520.018;0.00037;0.00015
2020.01.02 01:12:14.174000;1520.325;1520.018;0.00037;0.00015
2020.01.02 01:12:15.620000;1520.345;1520.018;0.0001;0.00015
2020.01.02 01:12:15.720000;1520.335;1520.008;0.00037;0.00015
2020.01.02 01:12:17.854000;1520.335;1519.938;0.00037;0.00015
2020.01.02 01:12:17.954000;1520.265;1519.938;0.00037;0.00015
2020.01.02 01:12:18.984000;1520.285;1519.938;0.00037;0.00015
2020.01.02 01:12:19.035000;1520.355;1520.008;0.0001;0.00015
2020.01.02 01:12:19.263000;1520.335;1520.008;0.00037;0.00015
2020.01.02 01:12:19.644000;1520.255;1519.918;0.0001;0.00015
2020.01.02 01:12:19.694000;1520.245;1519.918;0.00037;0.00015
2020.01.02 01:12:19.848000;1520.235;1519.918;0.00037;0.00015
2020.01.02 01:12:20.078000;1520.235;1519.928;0.00037;0.00015
2020.01.02 01:12:20.180000;1520.225;1519.838;0.00037;0.00015
2020.01.02 01:12:20.230000;1520.165;1519.828;0.00037;0.00015
2020.01.02 01:12:21.234000;1520.245;1519.908;0.0001;0.00015
2020.01.02 01:12:21.573000;1520.235;1519.908;0.00037;0.00015
2020.01.02 01:12:21.674000;1520.245;1519.928;0.0001;0.00015
2020.01.02 01:12:21.904000;1520.235;1519.928;0.00037;0.00015
2020.01.02 01:12:22.034000;1520.195;1519.928;0.00037;0.00015
2020.01.02 01:12:22.085000;1520.225;1519.838;0.00045;0.00015
2020.01.02 01:12:22.136000;1520.155;1519.838;0.00037;0.00015
2020.01.02 01:12:22.475000;1520.155;1519.878;0.00037;0.00015
2020.01.02 01:12:22.576000;1520.205;1519.878;0.00037;0.00015
2020.01.02 01:12:22.754000;1520.205;1519.838;0.00045;0.00015
2020.01.02 01:12:22.805000;1520.165;1519.838;0.00037;0.00015
2020.01.02 01:12:22.855000;1520.215;1519.838;0.00037;0.00015
2020.01.02 01:12:22.906000;1520.225;1519.888;0.00037;0.00015
2020.01.02 01:12:23.137000;1520.215;1519.888;0.00037;0.00015
2020.01.02 01:12:23.294000;1520.235;1519.888;0.00037;0.00015
2020.01.02 01:12:23.394000;1520.215;1519.888;0.00037;0.00015
2020.01.02 01:12:23.554000;1520.235;1519.888;0.00037;0.00015
2020.01.02 01:12:23.605000;1520.255;1519.908;0.0001;0.00015
2020.01.02 01:12:23.845000;1520.235;1519.908;0.00037;0.00015
2020.01.02 01:12:25.104000;1520.235;1519.898;0.00037;0.00015
2020.01.02 01:12:26.051000;1520.245;1519.898;0.00037;0.00015
2020.01.02 01:12:26.102000;1520.255;1519.908;0.0001;0.00015
2020.01.02 01:12:26.203000;1520.235;1519.908;0.00037;0.00015
2020.01.02 01:12:27.413000;1520.215;1519.828;0.00037;0.00015
2020.01.02 01:12:27.463000;1520.165;1519.828;0.00037;0.00015
2020.01.02 01:12:27.704000;1520.165;1519.818;0.00037;0.00015
2020.01.02 01:12:27.759000;1520.155;1519.818;0.00037;0.00015
2020.01.02 01:12:31.596000;1520.155;1519.828;0.00037;0.00015
2020.01.02 01:12:32.705000;1520.155;1519.838;0.00037;0.00015
2020.01.02 01:12:32.761000;1520.165;1519.838;0.00037;0.00015
2020.01.02 01:12:32.923000;1520.165;1519.828;0.00037;0.00015
2020.01.02 01:12:39.170000;1520.175;1519.828;0.00037;0.00015
2020.01.02 01:12:39.221000;1520.245;1519.918;0.00045;0.00015
2020.01.02 01:12:39.398000;1520.235;1519.918;0.00037;0.00015
2020.01.02 01:12:39.943000;1520.235;1519.908;0.00037;0.00015
2020.01.02 01:12:43.834000;1520.235;1519.928;0.00037;0.00022
2020.01.02 01:12:43.942000;1520.245;1519.928;0.00037;0.00022
2020.01.02 01:12:44.344000;1520.245;1519.838;0.00037;0.00022
2020.01.02 01:12:44.395000;1520.235;1519.838;0.0001;0.00022
2020.01.02 01:12:44.626000;1520.185;1519.838;0.00037;0.00022
2020.01.02 01:12:45.007000;1520.235;1519.918;0.00045;0.00022
2020.01.02 01:12:46.659000;1520.245;1519.908;0.00037;0.00022
2020.01.02 01:12:46.758000;1520.235;1519.908;0.00037;0.00022
2020.01.02 01:12:49.294000;1520.235;1519.918;0.00037;0.00022
2020.01.02 01:12:49.395000;1520.245;1519.918;0.00037;0.00022
2020.01.02 01:12:51.042000;1520.255;1519.918;0.00045;0.00022
2020.01.02 01:12:51.092000;1520.255;1519.928;0.00045;0.00022
2020.01.02 01:12:51.280000;1520.245;1519.928;0.00037;0.00022
2020.01.02 01:12:54.105000;1520.245;1519.918;0.00037;0.00022
2020.01.02 01:12:54.961000;1520.255;1519.918;0.00045;0.00022
2020.01.02 01:12:55.061000;1520.225;1519.918;0.00037;0.00022
2020.01.02 01:12:57.930000;1520.225;1519.908;0.00037;0.00022
2020.01.02 01:13:05.441000;1520.255;1519.908;0.00045;0.00022
2020.01.02 01:13:05.541000;1520.235;1519.908;0.00037;0.00022
2020.01.02 01:13:07.515000;1520.235;1519.828;0.00037;0.00022
2020.01.02 01:13:07.566000;1520.085;1519.678;0.0001;0.00022
2020.01.02 01:13:07.733000;1520.005;1519.678;0.00037;0.00022
2020.01.02 01:13:07.783000;1520.005;1519.638;0.00037;0.00022
2020.01.02 01:13:07.834000;1519.965;1519.638;0.00037;0.00022
2020.01.02 01:13:11.016000;1519.945;1519.598;0.0001;0.00015
2020.01.02 01:13:11.066000;1519.925;1519.588;0.00037;0.00015
2020.01.02 01:13:11.117000;1519.945;1519.588;0.0001;0.00015
2020.01.02 01:13:11.167000;1519.915;1519.588;0.00037;0.00015
2020.01.02 01:13:11.218000;1519.915;1519.538;0.00037;0.00015
2020.01.02 01:13:11.319000;1519.865;1519.538;0.00037;0.00015
2020.01.02 01:13:11.534000;1519.865;1519.528;0.00037;0.00015
2020.01.02 01:13:12.619000;1519.885;1519.518;0.0001;0.00015
2020.01.02 01:13:12.670000;1519.845;1519.518;0.00037;0.00015
2020.01.02 01:13:12.721000;1519.845;1519.508;0.00037;0.00015
2020.01.02 01:13:12.942000;1519.845;1519.518;0.00037;0.00015
2020.01.02 01:13:12.993000;1519.855;1519.518;0.00037;0.00015
2020.01.02 01:13:13.195000;1519.825;1519.508;0.00037;0.00015
2020.01.02 01:13:14.359000;1519.835;1519.508;0.00037;0.00015
2020.01.02 01:13:18.077000;1519.805;1519.418;0.00037;0.00015
2020.01.02 01:13:18.178000;1519.745;1519.398;0.00037;0.00015
2020.01.02 01:13:18.357000;1519.725;1519.398;0.00037;0.00015
2020.01.02 01:13:20.534000;1519.725;1519.408;0.00037;0.00015
2020.01.02 01:13:21.874000;1519.725;1519.398;0.00037;0.00015
2020.01.02 01:13:22.510000;1519.745;1519.398;0.00037;0.00015
2020.01.02 01:13:22.560000;1519.825;1519.488;0.0001;0.00015
2020.01.02 01:13:22.661000;1519.815;1519.488;0.00037;0.00015
2020.01.02 01:13:23.621000;1519.825;1519.488;0.00045;0.00015
2020.01.02 01:13:23.672000;1519.835;1519.488;0.00037;0.00015
2020.01.02 01:13:23.722000;1519.815;1519.488;0.00037;0.00015
2020.01.02 01:13:24.861000;1519.835;1519.488;0.00037;0.00015
2020.01.02 01:13:24.912000;1519.845;1519.598;0.00045;0.00015
2020.01.02 01:13:25.263000;1519.845;1519.508;0.00037;0.00015
2020.01.02 01:13:25.313000;1519.835;1519.508;0.00037;0.00015
2020.01.02 01:13:29.836000;1519.855;1519.508;0.00045;0.00015
2020.01.02 01:13:29.886000;1519.865;1519.618;0.0001;0.00015
2020.01.02 01:13:30.505000;1519.865;1519.498;0.0001;0.00015
2020.01.02 01:13:30.555000;1519.825;1519.498;0.00037;0.00015
2020.01.02 01:13:32.114000;1519.825;1519.518;0.00037;0.00022
