Time (EET);Ask;Bid;AskVolume;BidVolume
2020.01.02 01:00:04.735;1519,592;1518,768;0,00037;0,00037
2020.01.02 01:00:04.836;1519,742;1518,858;0,00037;0,00037
2020.01.02 01:00:04.938;1519,792;1518,908;0,00037;0,00037
2020.01.02 01:00:05.238;1519,912;1518,968;0,00037;0,00037
2020.01.02 01:00:05.559;1519,892;1519,038;0,00037;0,00037
2020.01.02 01:00:05.924;1519,872;1519,088;0,00037;0,00037
2020.01.02 01:00:06.414;1520,232;1519,278;0,00037;0,00037
2020.01.02 01:00:06.744;1520,282;1519,398;0,00037;0,00037
2020.01.02 01:00:07.065;1520,482;1519,528;0,00037;0,00037
2020.01.02 01:00:07.217;1520,882;1519,938;0,00037;0,00037
2020.01.02 01:00:08.183;1521,245;1520,675;0,0001;0,0001
2020.01.02 01:00:08.519;1521,205;1520,675;0,0001;0,0001
2020.01.02 01:00:08.687;1521,005;1520,275;0,0001;0,0001
2020.01.02 01:00:08.938;1520,525;1520,025;0,0001;0,0001
2020.01.02 01:00:08.989;1520,255;1519,745;0,0001;0,0001
2020.01.02 01:00:09.220;1520,245;1519,745;0,0001;0,0001
2020.01.02 01:00:09.363;1520,145;1519,655;0,0001;0,0001
2020.01.02 01:00:09.503;1520,105;1519,575;0,0001;0,0001
2020.01.02 01:00:09.587;1520,105;1519,375;0,0001;0,0001
2020.01.02 01:00:09.690;1520,105;1519,275;0,0001;0,0001
2020.01.02 01:00:09.741;1519,905;1519,175;0,0001;0,0001
2020.01.02 01:00:10.153;1520,015;1519,495;0,0001;0,0001
2020.01.02 01:00:10.204;1519,905;1519,175;0,0001;0,0001
2020.01.02 01:00:10.254;1519,675;1519,175;0,0001;0,0001
2020.01.02 01:00:10.507;1519,605;1519,115;0,0001;0,0001
2020.01.02 01:00:10.557;1519,575;1519,075;0,0001;0,0001
2020.01.02 01:00:10.615;1519,475;1518,975;0,0001;0,0001
2020.01.02 01:00:10.845;1519,435;1518,935;0,0001;0,0001
2020.01.02 01:00:11.355;1519,885;1519,375;0,0001;0,0001
2020.01.02 01:00:12.525;1520,055;1519,545;0,0001;0,0001
2020.01.02 01:00:12.652;1520,065;1519,575;0,0001;0,0001
2020.01.02 01:00:13.385;1520,065;1519,585;0,0001;0,0001
2020.01.02 01:00:13.435;1520,285;1519,785;0,0001;0,0001
2020.01.02 01:00:13.632;1520,315;1519,815;0,0001;0,0001
2020.01.02 01:00:14.070;1520,205;1519,705;0,0001;0,0001
2020.01.02 01:00:14.304;1520,205;1519,715;0,0001;0,0001
2020.01.02 01:00:14.354;1520,285;1519,775;0,0001;0,0001
2020.01.02 01:00:15.072;1520,245;1519,755;0,0001;0,0001
2020.01.02 01:00:15.173;1520,255;1519,755;0,0001;0,0001
2020.01.02 01:00:15.273;1520,295;1519,785;0,0001;0,0001
2020.01.02 01:00:15.324;1520,285;1519,785;0,0001;0,0001
2020.01.02 01:00:15.455;1520,165;1519,655;0,0001;0,0001
2020.01.02 01:00:15.555;1520,085;1519,585;0,0001;0,0001
2020.01.02 01:00:15.656;1520,075;1519,585;0,0001;0,0001
2020.01.02 01:00:15.822;1520,085;1519,595;0,0001;0,0001
2020.01.02 01:00:15.872;1520,045;1519,545;0,0001;0,0001
2020.01.02 01:00:15.986;1520,105;1519,605;0,0001;0,0001
2020.01.02 01:00:16.390;1520,075;1519,575;0,0001;0,0001
2020.01.02 01:00:16.568;1520,045;1519,545;0,0001;0,0001
2020.01.02 01:00:16.618;1520,055;1519,545;0,0001;0,0001
2020.01.02 01:00:16.668;1520,045;1519,535;0,0001;0,0001
2020.01.02 01:00:16.854;1519,865;1519,385;0,0001;0,0001
2020.01.02 01:00:17.283;1519,885;1519,385;0,0001;0,0001
2020.01.02 01:00:17.340;1519,885;1519,355;0,0001;0,0001
2020.01.02 01:00:17.390;1519,825;1519,335;0,0001;0,0001
2020.01.02 01:00:17.686;1519,825;1519,345;0,0001;0,0001
2020.01.02 01:00:17.786;1519,825;1519,335;0,0001;0,0001
2020.01.02 01:00:17.973;1519,825;1519,375;0,0001;0,0001
2020.01.02 01:00:18.023;1519,915;1519,425;0,0001;0,0001
2020.01.02 01:00:18.124;1519,915;1519,455;0,0001;0,0001
2020.01.02 01:00:18.175;1519,945;1519,455;0,0001;0,0001
2020.01.02 01:00:18.356;1520,005;1519,505;0,0001;0,0001
2020.01.02 01:00:19.116;1520,025;1519,535;0,0001;0,0001
2020.01.02 01:00:20.075;1520,095;1519,595;0,0001;0,0001
2020.01.02 01:00:20.125;1519,975;1519,475;0,0001;0,0001
2020.01.02 01:00:20.226;1520,045;1519,555;0,0001;0,0001
2020.01.02 01:00:21.084;1520,045;1519,415;0,0001;0,0001
2020.01.02 01:00:21.134;1519,915;1519,415;0,0001;0,0001
2020.01.02 01:00:21.235;1520,125;1519,625;0,0001;0,0001
2020.01.02 01:00:21.345;1520,155;1519,655;0,0001;0,0001
2020.01.02 01:00:22.955;1520,165;1519,675;0,0001;0,0001
2020.01.02 01:00:23.365;1520,125;1519,625;0,0001;0,0001
2020.01.02 01:00:23.728;1520,125;1519,655;0,0001;0,0001
2020.01.02 01:00:23.779;1520,205;1519,725;0,0001;0,0001
2020.01.02 01:00:23.844;1520,225;1519,725;0,0001;0,0001
2020.01.02 01:00:23.894;1520,255;1519,765;0,0001;0,0001
2020.01.02 01:00:25.024;1520,215;1519,705;0,0001;0,0001
2020.01.02 01:00:25.139;1520,195;1519,705;0,0001;0,0001
2020.01.02 01:00:25.189;1520,195;1519,595;0,0001;0,0001
2020.01.02 01:00:25.240;1519,975;1519,475;0,0001;0,0001
2020.01.02 01:00:25.391;1520,035;1519,535;0,0001;0,0001
2020.01.02 01:00:25.541;1520,065;1519,575;0,0001;0,0001
2020.01.02 01:00:25.685;1520,085;1519,575;0,0001;0,0001
2020.01.02 01:00:25.786;1520,085;1519,595;0,0001;0,0001
2020.01.02 01:00:26.019;1520,015;1519,515;0,0001;0,0001
2020.01.02 01:00:26.070;1520,045;1519,535;0,0001;0,0001
2020.01.02 01:00:26.120;1520,045;1519,555;0,0001;0,0001
2020.01.02 01:00:26.220;1520,045;1519,535;0,0001;0,0001
2020.01.02 01:00:26.271;1519,955;1519,435;0,0001;0,0001
2020.01.02 01:00:26.321;1519,955;1519,455;0,0001;0,0001
2020.01.02 01:00:27.006;1520,085;1519,595;0,0001;0,0001
2020.01.02 01:00:27.157;1520,145;1519,645;0,0001;0,0001
2020.01.02 01:00:27.258;1520,155;1519,665;0,0001;0,0001
2020.01.02 01:00:27.534;1520,115;1519,635;0,0001;0,0001
2020.01.02 01:00:27.584;1520,135;1519,635;0,0001;0,0001
2020.01.02 01:00:27.701;1520,135;1519,605;0,0001;0,0001
2020.01.02 01:00:27.751;1520,105;1519,605;0,0001;0,0001
2020.01.02 01:00:28.215;1520,115;1519,625;0,0001;0,0001
2020.01.02 01:00:28.497;1520,225;1519,725;0,0001;0,0001
2020.01.02 01:00:29.104;1520,295;1519,795;0,0001;0,0001
2020.01.02 01:00:29.827;1520,265;1519,775;0,0001;0,0001
2020.01.02 01:00:29.878;1520,295;1519,795;0,0001;0,0001
2020.01.02 01:00:31.189;1520,305;1519,815;0,0001;0,0001
2020.01.02 01:00:31.239;1520,345;1519,845;0,0001;0,0001
2020.01.02 01:00:33.320;1520,375;1519,885;0,0001;0,0001
2020.01.02 01:00:33.559;1520,415;1519,925;0,0001;0,0001
2020.01.02 01:00:34.061;1520,385;1519,895;0,0001;0,0001
2020.01.02 01:00:35.724;1520,385;1519,908;0,0001;0,00037
2020.01.02 01:00:35.774;1520,375;1519,895;0,0001;0,0001
2020.01.02 01:00:35.925;1520,465;1519,975;0,0001;0,0001
2020.01.02 01:00:36.249;1520,525;1520,015;0,0001;0,0001
2020.01.02 01:00:36.485;1520,525;1520,025;0,0001;0,0001
2020.01.02 01:00:36.815;1520,605;1520,115;0,0001;0,0001
2020.01.02 01:00:36.865;1520,605;1520,085;0,0001;0,0001
2020.01.02 01:00:36.915;1520,595;1520,095;0,0001;0,0001
2020.01.02 01:00:37.115;1520,605;1520,115;0,0001;0,0001
2020.01.02 01:00:37.381;1520,625;1520,125;0,0001;0,0001
2020.01.02 01:00:37.535;1520,675;1520,165;0,0001;0,0001
2020.01.02 01:00:37.990;1520,675;1520,185;0,0001;0,0001
2020.01.02 01:00:38.499;1520,682;1520,185;0,00037;0,0001
2020.01.02 01:00:38.655;1520,695;1520,185;0,0001;0,0001
2020.01.02 01:00:38.705;1520,765;1520,275;0,0001;0,0001
2020.01.02 01:00:39.714;1520,795;1520,285;0,0001;0,0001
2020.01.02 01:00:39.766;1520,805;1520,315;0,0001;0,0001
2020.01.02 01:00:40.105;1520,845;1520,355;0,0001;0,0001
2020.01.02 01:00:40.868;1520,835;1520,345;0,0001;0,0001
2020.01.02 01:00:41.643;1520,785;1520,285;0,0001;0,0001
2020.01.02 01:00:41.795;1520,655;1520,165;0,0001;0,0001
2020.01.02 01:00:42.693;1520,645;1520,145;0,0001;0,0001
2020.01.02 01:00:43.402;1520,645;1520,115;0,0001;0,0001
2020.01.02 01:00:43.453;1520,525;1520,035;0,0001;0,0001
2020.01.02 01:00:43.503;1520,545;1520,045;0,0001;0,0001
2020.01.02 01:00:44.883;1520,545;1520,035;0,0001;0,0001
2020.01.02 01:00:44.934;1520,545;1520,055;0,0001;0,0001
2020.01.02 01:00:45.395;1520,545;1520,045;0,0001;0,0001
2020.01.02 01:00:48.015;1520,555;1520,045;0,0001;0,0001
2020.01.02 01:00:48.065;1520,555;1520,065;0,0001;0,0001
2020.01.02 01:00:48.414;1520,585;1520,085;0,0001;0,0001
2020.01.02 01:00:48.584;1520,585;1520,105;0,0001;0,0001
2020.01.02 01:00:48.634;1520,605;1520,105;0,0001;0,0001
2020.01.02 01:00:48.685;1520,655;1520,155;0,0001;0,0001
2020.01.02 01:00:49.324;1520,655;1520,175;0,0001;0,0001
2020.01.02 01:00:49.375;1520,665;1520,175;0,0001;0,0001
2020.01.02 01:00:49.635;1520,645;1520,155;0,0001;0,0001
2020.01.02 01:00:50.147;1520,625;1520,115;0,0001;0,0001
2020.01.02 01:00:50.379;1520,625;1520,135;0,0001;0,0001
2020.01.02 01:00:50.898;1520,615;1520,115;0,0001;0,0001
2020.01.02 01:00:51.405;1520,545;1520,055;0,0001;0,0001
2020.01.02 01:00:51.610;1520,535;1520,035;0,0001;0,0001
2020.01.02 01:00:51.954;1520,405;1519,918;0,0001;0,00037
2020.01.02 01:00:52.005;1520,175;1519,515;0,0001;0,0001
2020.01.02 01:00:52.189;1520,175;1519,575;0,0001;0,0001
2020.01.02 01:00:52.294;1520,145;1519,525;0,0001;0,0001
2020.01.02 01:00:52.344;1520,225;1519,665;0,0001;0,0001
2020.01.02 01:00:53.609;1520,225;1519,695;0,0001;0,0001
2020.01.02 01:00:53.778;1520,215;1519,695;0,0001;0,0001
2020.01.02 01:00:54.312;1520,155;1519,575;0,0001;0,0001
2020.01.02 01:00:54.362;1520,155;1519,625;0,0001;0,0001
2020.01.02 01:00:54.463;1520,155;1519,655;0,0001;0,0001
2020.01.02 01:00:54.566;1520,155;1519,625;0,0001;0,0001
2020.01.02 01:00:54.617;1520,175;1519,675;0,0001;0,0001
2020.01.02 01:00:55.371;1520,215;1519,695;0,0001;0,0001
2020.01.02 01:00:55.424;1520,215;1519,725;0,0001;0,0001
2020.01.02 01:00:55.524;1520,225;1519,725;0,0001;0,0001
2020.01.02 01:00:55.761;1520,275;1519,775;0,0001;0,0001
2020.01.02 01:00:56.215;1520,295;1519,795;0,0001;0,0001
2020.01.02 01:00:57.865;1520,345;1519,845;0,0001;0,0001
2020.01.02 01:00:58.804;1520,365;1519,875;0,0001;0,0001
2020.01.02 01:00:59.010;1520,385;1519,895;0,0001;0,0001
2020.01.02 01:01:00.106;1520,385;1519,875;0,0001;0,0001
2020.01.02 01:01:00.156;1520,365;1519,875;0,0001;0,0001
2020.01.02 01:01:00.855;1520,362;1519,875;0,00037;0,0001
2020.01.02 01:01:00.906;1520,195;1519,705;0,0001;0,0001
2020.01.02 01:01:01.097;1520,185;1519,675;0,0001;0,0001
2020.01.02 01:01:02.413;1520,185;1519,625;0,0001;0,0001
2020.01.02 01:01:02.463;1520,085;1519,595;0,0001;0,0001
2020.01.02 01:01:02.604;1520,225;1519,715;0,0001;0,0001
2020.01.02 01:01:02.655;1520,165;1519,675;0,0001;0,0001
2020.01.02 01:01:03.261;1520,165;1519,635;0,0001;0,0001
2020.01.02 01:01:03.311;1520,135;1519,625;0,0001;0,0001
2020.01.02 01:01:03.412;1520,115;1519,625;0,0001;0,0001
2020.01.02 01:01:04.158;1520,115;1519,655;0,0001;0,0001
2020.01.02 01:01:04.208;1520,245;1519,745;0,0001;0,0001
2020.01.02 01:01:05.876;1520,245;1519,765;0,0001;0,0001
2020.01.02 01:01:05.927;1520,395;1519,865;0,0001;0,0001
2020.01.02 01:01:05.978;1520,195;1519,705;0,0001;0,0001
2020.01.02 01:01:06.030;1520,195;1519,695;0,0001;0,0001
2020.01.02 01:01:06.080;1520,185;1519,695;0,0001;0,0001
2020.01.02 01:01:07.975;1520,285;1519,785;0,0001;0,0001
2020.01.02 01:01:09.156;1520,275;1519,795;0,0001;0,0001
2020.01.02 01:01:10.490;1520,275;1519,775;0,0001;0,0001
2020.01.02 01:01:10.551;1520,265;1519,775;0,0001;0,0001
2020.01.02 01:01:11.975;1520,335;1519,835;0,0001;0,0001
2020.01.02 01:01:12.202;1520,335;1519,725;0,0001;0,0001
2020.01.02 01:01:12.252;1520,195;1519,705;0,0001;0,0001
2020.01.02 01:01:13.119;1520,185;1519,695;0,0001;0,0001
2020.01.02 01:01:13.775;1520,315;1519,815;0,0001;0,0001
2020.01.02 01:01:13.825;1520,325;1519,835;0,0001;0,0001
2020.01.02 01:01:14.217;1520,305;1519,815;0,0001;0,0001
2020.01.02 01:01:14.620;1520,315;1519,825;0,0001;0,0001
2020.01.02 01:01:15.607;1520,405;1519,915;0,0001;0,0001
2020.01.02 01:01:16.597;1520,415;1519,925;0,0001;0,0001
2020.01.02 01:01:16.761;1520,415;1519,945;0,0001;0,0001
2020.01.02 01:01:16.812;1520,445;1519,945;0,0001;0,0001
2020.01.02 01:01:16.863;1520,475;1519,985;0,0001;0,0001
2020.01.02 01:01:17.013;1520,475;1520,005;0,0001;0,0001
2020.01.02 01:01:17.063;1520,495;1519,985;0,0001;0,0001
2020.01.02 01:01:18.095;1520,465;1519,955;0,0001;0,0001
2020.01.02 01:01:18.200;1520,485;1519,985;0,0001;0,0001
2020.01.02 01:01:18.957;1520,485;1519,995;0,0001;0,0001
2020.01.02 01:01:20.557;1520,395;1519,905;0,0001;0,0001
2020.01.02 01:01:20.931;1520,395;1519,895;0,0001;0,0001
2020.01.02 01:01:21.009;1520,395;1519,855;0,0001;0,0001
2020.01.02 01:01:21.059;1520,225;1519,735;0,0001;0,0001
2020.01.02 01:01:22.447;1520,225;1519,755;0,0001;0,0001
2020.01.02 01:01:22.497;1520,285;1519,785;0,0001;0,0001
2020.01.02 01:01:31.119;1520,295;1519,805;0,0001;0,0001
2020.01.02 01:01:33.315;1520,285;1519,795;0,0001;0,0001
2020.01.02 01:01:33.466;1520,285;1519,775;0,0001;0,0001
2020.01.02 01:01:33.785;1520,285;1519,795;0,0001;0,0001
2020.01.02 01:01:34.492;1520,355;1519,865;0,0001;0,0001
2020.01.02 01:01:35.762;1520,415;1519,905;0,0001;0,0001
2020.01.02 01:01:35.954;1520,405;1519,905;0,0001;0,0001
2020.01.02 01:01:36.092;1520,405;1519,915;0,0001;0,0001
2020.01.02 01:01:37.895;1520,435;1519,935;0,0001;0,0001
2020.01.02 01:01:37.946;1520,435;1519,945;0,0001;0,0001
2020.01.02 01:01:37.996;1520,455;1519,945;0,0001;0,0001
2020.01.02 01:01:38.047;1520,485;1519,985;0,0001;0,0001
2020.01.02 01:01:38.353;1520,495;1519,995;0,0001;0,0001
2020.01.02 01:01:44.936;1520,545;1520,035;0,0001;0,0001
2020.01.02 01:01:44.986;1520,545;1520,045;0,0001;0,0001
2020.01.02 01:01:46.221;1520,545;1520,035;0,0001;0,0001
2020.01.02 01:01:46.272;1520,525;1520,035;0,0001;0,0001
2020.01.02 01:01:46.763;1520,525;1520,025;0,0001;0,0001
2020.01.02 01:01:46.814;1520,515;1520,025;0,0001;0,0001
2020.01.02 01:01:47.565;1520,535;1520,035;0,0001;0,0001
2020.01.02 01:01:47.616;1520,535;1520,045;0,0001;0,0001
2020.01.02 01:01:47.733;1520,545;1520,055;0,0001;0,0001
2020.01.02 01:01:49.634;1520,595;1520,085;0,0001;0,0001
2020.01.02 01:01:49.685;1520,615;1520,125;0,0001;0,0001
2020.01.02 01:01:49.817;1520,595;1520,105;0,0001;0,0001
2020.01.02 01:01:49.955;1520,615;1520,125;0,0001;0,0001
2020.01.02 01:01:50.061;1520,675;1520,175;0,0001;0,0001
2020.01.02 01:01:50.946;1520,615;1520,115;0,0001;0,0001
2020.01.02 01:01:51.340;1520,625;1520,135;0,0001;0,0001
2020.01.02 01:01:53.076;1520,665;1520,175;0,0001;0,0001
2020.01.02 01:01:53.865;1520,705;1520,205;0,0001;0,0001
2020.01.02 01:01:54.046;1520,775;1520,275;0,0001;0,0001
2020.01.02 01:01:54.196;1520,785;1520,285;0,0001;0,0001
2020.01.02 01:01:55.662;1520,815;1520,315;0,0001;0,0001
2020.01.02 01:01:56.634;1520,825;1520,335;0,0001;0,0001
2020.01.02 01:01:57.229;1520,825;1520,315;0,0001;0,0001
2020.01.02 01:01:57.280;1520,815;1520,315;0,0001;0,0001
2020.01.02 01:01:57.947;1520,815;1520,335;0,0001;0,0001
2020.01.02 01:01:57.998;1520,825;1520,335;0,0001;0,0001
2020.01.02 01:01:59.302;1520,825;1520,315;0,0001;0,0001
2020.01.02 01:01:59.352;1520,805;1520,315;0,0001;0,0001
2020.01.02 01:02:00.695;1520,785;1520,285;0,0001;0,0001
2020.01.02 01:02:00.796;1520,795;1520,305;0,0001;0,0001
2020.01.02 01:02:00.896;1520,695;1520,195;0,0001;0,0001
2020.01.02 01:02:01.975;1520,695;1520,185;0,0001;0,0001
2020.01.02 01:02:02.026;1520,685;1520,185;0,0001;0,0001
2020.01.02 01:02:02.234;1520,685;1520,155;0,0001;0,0001
2020.01.02 01:02:02.284;1520,625;1520,125;0,0001;0,0001
2020.01.02 01:02:03.296;1520,655;1520,155;0,0001;0,0001
2020.01.02 01:02:03.447;1520,635;1520,145;0,0001;0,0001
2020.01.02 01:02:03.580;1520,715;1520,215;0,0001;0,0001
2020.01.02 01:02:04.222;1520,715;1520,225;0,0001;0,0001
2020.01.02 01:02:07.779;1520,735;1520,225;0,0001;0,0001
2020.01.02 01:02:07.829;1520,725;1520,225;0,0001;0,0001
2020.01.02 01:02:08.245;1520,722;1520,225;0,00037;0,0001
2020.01.02 01:02:08.295;1520,605;1520,105;0,0001;0,0001
2020.01.02 01:02:09.100;1520,615;1520,125;0,0001;0,0001
2020.01.02 01:02:09.604;1520,692;1520,075;0,00037;0,0001
2020.01.02 01:02:09.654;1520,745;1520,245;0,0001;0,0001
2020.01.02 01:02:10.330;1520,725;1520,235;0,0001;0,0001
2020.01.02 01:02:10.801;1520,715;1520,225;0,0001;0,0001
2020.01.02 01:02:11.005;1520,715;1520,215;0,0001;0,0001
2020.01.02 01:02:11.055;1520,705;1520,215;0,0001;0,0001
2020.01.02 01:02:12.351;1520,705;1520,195;0,0001;0,0001
2020.01.02 01:02:12.401;1520,695;1520,185;0,0001;0,0001
2020.01.02 01:02:12.693;1520,685;1520,185;0,0001;0,0001
2020.01.02 01:02:17.301;1520,685;1520,135;0,0001;0,0001
2020.01.02 01:02:17.351;1520,605;1520,115;0,0001;0,0001
2020.01.02 01:02:18.749;1520,635;1520,135;0,0001;0,0001
2020.01.02 01:02:18.854;1520,655;1520,165;0,0001;0,0001
2020.01.02 01:02:19.806;1520,645;1520,135;0,0001;0,0001
2020.01.02 01:02:20.552;1520,625;1520,135;0,0001;0,0001
2020.01.02 01:02:21.021;1520,615;1520,115;0,0001;0,0001
2020.01.02 01:02:24.143;1520,675;1520,175;0,0001;0,0001
2020.01.02 01:02:24.194;1520,685;1520,175;0,0001;0,0001
2020.01.02 01:02:24.244;1520,685;1520,195;0,0001;0,0001
2020.01.02 01:02:25.094;1520,635;1520,145;0,0001;0,0001
2020.01.02 01:02:25.144;1520,635;1520,135;0,0001;0,0001
2020.01.02 01:02:25.526;1520,625;1520,135;0,0001;0,0001
2020.01.02 01:02:26.288;1520,605;1520,105;0,0001;0,0001
2020.01.02 01:02:28.385;1520,585;1520,095;0,0001;0,0001
2020.01.02 01:02:29.825;1520,595;1520,095;0,0001;0,0001
2020.01.02 01:02:30.404;1520,595;1520,105;0,0001;0,0001
2020.01.02 01:02:30.505;1520,605;1520,105;0,0001;0,0001
2020.01.02 01:02:30.932;1520,625;1520,125;0,0001;0,0001
2020.01.02 01:02:32.993;1520,672;1520,195;0,00037;0,0001
2020.01.02 01:02:33.044;1520,705;1520,195;0,0001;0,0001
2020.01.02 01:02:33.154;1520,705;1520,205;0,0001;0,0001
2020.01.02 01:02:34.574;1520,665;1520,165;0,0001;0,0001
2020.01.02 01:02:34.819;1520,625;1520,135;0,0001;0,0001
2020.01.02 01:02:35.923;1520,605;1520,115;0,0001;0,0001
2020.01.02 01:02:38.929;1520,595;1520,085;0,0001;0,0001
2020.01.02 01:02:39.161;1520,585;1520,085;0,0001;0,0001
2020.01.02 01:02:41.213;1520,525;1520,035;0,0001;0,0001
2020.01.02 01:02:42.382;1520,575;1520,085;0,0001;0,0001
2020.01.02 01:02:42.433;1520,595;1520,085;0,0001;0,0001
2020.01.02 01:02:42.821;1520,595;1520,095;0,0001;0,0001
2020.01.02 01:02:46.988;1520,595;1520,115;0,0001;0,0001
2020.01.02 01:02:47.038;1520,615;1520,115;0,0001;0,0001
2020.01.02 01:02:51.937;1520,595;1520,105;0,0001;0,0001
2020.01.02 01:02:53.618;1520,615;1520,125;0,0001;0,0001
2020.01.02 01:02:56.134;1520,672;1520,195;0,00037;0,0001
2020.01.02 01:02:56.185;1520,715;1520,215;0,0001;0,0001
2020.01.02 01:02:58.174;1520,715;1520,205;0,0001;0,0001
2020.01.02 01:02:58.224;1520,695;1520,205;0,0001;0,0001
2020.01.02 01:03:04.813;1520,675;1520,185;0,0001;0,0001
2020.01.02 01:03:04.864;1520,675;1520,165;0,0001;0,0001
2020.01.02 01:03:05.289;1520,655;1520,165;0,0001;0,0001
2020.01.02 01:03:05.494;1520,685;1520,185;0,0001;0,0001
2020.01.02 01:03:05.725;1520,665;1520,175;0,0001;0,0001
2020.01.02 01:03:06.087;1520,635;1520,135;0,0001;0,0001
2020.01.02 01:03:06.138;1520,635;1520,125;0,0001;0,0001
2020.01.02 01:03:06.188;1520,615;1520,125;0,0001;0,0001
2020.01.02 01:03:11.364;1520,625;1520,135;0,0001;0,0001
2020.01.02 01:03:13.008;1520,625;1520,145;0,0001;0,0001
2020.01.02 01:03:13.058;1520,645;1520,145;0,0001;0,0001
2020.01.02 01:03:13.870;1520,695;1520,205;0,0001;0,0001
2020.01.02 01:03:18.345;1520,685;1520,185;0,0001;0,0001
2020.01.02 01:03:21.796;1520,675;1520,175;0,0001;0,0001
2020.01.02 01:03:22.076;1520,685;1520,185;0,0001;0,0001
2020.01.02 01:03:22.842;1520,655;1520,165;0,0001;0,0001
2020.01.02 01:03:24.490;1520,645;1520,155;0,0001;0,0001
2020.01.02 01:03:26.416;1520,625;1520,125;0,0001;0,0001
2020.01.02 01:03:26.634;1520,605;1520,125;0,0001;0,0001
2020.01.02 01:03:26.869;1520,605;1520,105;0,0001;0,0001
2020.01.02 01:03:27.505;1520,565;1520,075;0,0001;0,0001
2020.01.02 01:03:27.556;1520,565;1520,045;0,0001;0,0001
2020.01.02 01:03:27.833;1520,565;1520,065;0,0001;0,0001
2020.01.02 01:03:33.915;1520,535;1520,035;0,0001;0,0001
2020.01.02 01:03:34.112;1520,545;1520,055;0,0001;0,0001
2020.01.02 01:03:34.213;1520,535;1520,035;0,0001;0,0001
2020.01.02 01:03:34.687;1520,515;1520,025;0,0001;0,0001
2020.01.02 01:03:46.114;1520,545;1520,055;0,0001;0,0001
2020.01.02 01:03:46.424;1520,545;1520,065;0,0001;0,0001
2020.01.02 01:03:46.474;1520,555;1520,065;0,0001;0,0001
2020.01.02 01:03:49.805;1520,535;1520,045;0,0001;0,0001
2020.01.02 01:03:50.010;1520,525;1520,025;0,0001;0,0001
2020.01.02 01:03:50.872;1520,555;1520,045;0,0001;0,0001
2020.01.02 01:03:50.922;1520,535;1520,025;0,0001;0,0001
2020.01.02 01:03:51.210;1520,515;1520,025;0,0001;0,0001
2020.01.02 01:03:52.884;1520,515;1520,015;0,0001;0,0001
2020.01.02 01:03:55.604;1520,592;1520,245;0,00037;0,0001
2020.01.02 01:03:55.654;1520,735;1520,245;0,0001;0,0001
2020.01.02 01:03:55.871;1520,765;1520,275;0,0001;0,0001
2020.01.02 01:04:00.667;1520,825;1520,325;0,0001;0,0001
2020.01.02 01:04:01.107;1520,835;1520,335;0,0001;0,0001
2020.01.02 01:04:01.384;1520,835;1520,345;0,0001;0,0001
2020.01.02 01:04:11.061;1520,825;1520,335;0,0001;0,0001
2020.01.02 01:04:15.735;1520,825;1520,355;0,0001;0,0001
2020.01.02 01:04:15.785;1520,835;1520,335;0,0001;0,0001
2020.01.02 01:04:16.115;1520,895;1520,385;0,0001;0,0001
2020.01.02 01:04:18.942;1520,835;1520,345;0,0001;0,0001
2020.01.02 01:04:18.992;1520,835;1520,335;0,0001;0,0001
2020.01.02 01:04:19.182;1520,815;1520,335;0,0001;0,0001
2020.01.02 01:04:21.314;1520,805;1520,325;0,0001;0,0001
2020.01.02 01:04:21.808;1520,805;1520,315;0,0001;0,0001
2020.01.02 01:04:24.132;1520,845;1520,355;0,0001;0,0001
2020.01.02 01:04:24.182;1520,925;1520,415;0,0001;0,0001
2020.01.02 01:04:24.246;1520,925;1520,435;0,0001;0,0001
2020.01.02 01:04:25.535;1520,905;1520,415;0,0001;0,0001
2020.01.02 01:04:26.576;1520,895;1520,405;0,0001;0,0001
2020.01.02 01:04:26.855;1520,985;1520,485;0,0001;0,0001
2020.01.02 01:04:26.905;1520,985;1520,495;0,0001;0,0001
2020.01.02 01:04:27.024;1521,075;1520,585;0,0001;0,0001
2020.01.02 01:04:28.544;1521,095;1520,595;0,0001;0,0001
2020.01.02 01:04:29.860;1521,075;1520,585;0,0001;0,0001
2020.01.02 01:04:30.905;1520,962;1520,585;0,00037;0,0001
2020.01.02 01:04:30.955;1520,775;1520,275;0,0001;0,0001
2020.01.02 01:04:32.590;1520,785;1520,295;0,0001;0,0001
2020.01.02 01:04:33.456;1520,705;1520,215;0,0001;0,0001
2020.01.02 01:04:34.934;1520,705;1520,195;0,0001;0,0001
2020.01.02 01:04:35.300;1520,735;1520,245;0,0001;0,0001
2020.01.02 01:04:35.350;1520,745;1520,245;0,0001;0,0001
2020.01.02 01:04:35.533;1520,765;1520,265;0,0001;0,0001
2020.01.02 01:04:37.491;1520,872;1520,435;0,00037;0,0001
2020.01.02 01:04:37.541;1520,945;1520,445;0,0001;0,0001
2020.01.02 01:04:37.592;1520,935;1520,435;0,0001;0,0001
2020.01.02 01:04:37.815;1520,905;1520,405;0,0001;0,0001
2020.01.02 01:04:38.028;1520,895;1520,405;0,0001;0,0001
2020.01.02 01:04:39.993;1520,925;1520,435;0,0001;0,0001
2020.01.02 01:04:40.375;1520,985;1520,465;0,0001;0,0001
2020.01.02 01:04:40.553;1520,985;1520,485;0,0001;0,0001
2020.01.02 01:04:42.771;1521,015;1520,495;0,00016;0,0001
2020.01.02 01:04:42.822;1521,035;1520,495;0,00016;0,0001
2020.01.02 01:04:42.872;1521,035;1520,515;0,00016;0,0001
2020.01.02 01:04:43.656;1521,055;1520,535;0,00016;0,0001
2020.01.02 01:04:43.711;1521,065;1520,535;0,00016;0,0001
2020.01.02 01:04:43.762;1521,085;1520,565;0,00016;0,0001
2020.01.02 01:04:44.306;1521,085;1520,565;0,0001;0,0001
2020.01.02 01:04:45.084;1521,095;1520,575;0,0001;0,0001
2020.01.02 01:04:45.185;1521,095;1520,595;0,0001;0,0001
2020.01.02 01:04:45.454;1521,095;1520,575;0,0001;0,0001
2020.01.02 01:04:45.915;1521,095;1520,595;0,0001;0,0001
2020.01.02 01:04:46.075;1521,105;1520,575;0,0001;0,0001
2020.01.02 01:04:46.306;1521,065;1520,575;0,0001;0,0001
2020.01.02 01:04:46.538;1521,065;1520,585;0,0001;0,0001
2020.01.02 01:04:46.589;1521,085;1520,585;0,0001;0,0001
2020.01.02 01:04:46.742;1521,085;1520,575;0,0001;0,0001
2020.01.02 01:04:46.793;1521,065;1520,575;0,0001;0,0001
2020.01.02 01:04:47.413;1521,065;1520,585;0,0001;0,0001
2020.01.02 01:04:47.463;1521,085;1520,585;0,0001;0,0001
2020.01.02 01:04:50.142;1521,065;1520,575;0,0001;0,0001
2020.01.02 01:04:51.856;1521,065;1520,668;0,0001;0,00037
2020.01.02 01:04:51.906;1521,145;1520,655;0,0001;0,0001
2020.01.02 01:04:52.370;1521,125;1520,635;0,0001;0,0001
2020.01.02 01:04:52.420;1521,125;1520,625;0,0001;0,0001
2020.01.02 01:04:53.424;1521,175;1520,685;0,0001;0,0001
2020.01.02 01:04:54.990;1521,155;1520,665;0,0001;0,0001
2020.01.02 01:04:55.582;1521,105;1520,615;0,0001;0,0001
2020.01.02 01:04:55.632;1521,105;1520,595;0,0001;0,0001
2020.01.02 01:04:55.683;1521,085;1520,595;0,0001;0,0001
2020.01.02 01:04:56.222;1521,075;1520,585;0,0001;0,0001
2020.01.02 01:04:57.164;1521,065;1520,565;0,0001;0,0001
2020.01.02 01:04:57.371;1521,065;1520,535;0,0001;0,0001
2020.01.02 01:04:57.421;1521,035;1520,525;0,0001;0,0001
2020.01.02 01:04:57.850;1521,035;1520,545;0,0001;0,0001
2020.01.02 01:04:57.951;1521,065;1520,575;0,0001;0,0001
2020.01.02 01:04:59.775;1520,985;1520,505;0,0001;0,0001
2020.01.02 01:05:00.072;1520,985;1520,485;0,0001;0,0001
2020.01.02 01:05:00.123;1520,925;1520,435;0,0001;0,0001
2020.01.02 01:05:01.114;1520,965;1520,455;0,0001;0,0001
2020.01.02 01:05:01.815;1520,945;1520,435;0,0001;0,0001
2020.01.02 01:05:02.580;1520,905;1520,405;0,0001;0,0001
2020.01.02 01:05:02.860;1520,885;1520,395;0,0001;0,0001
2020.01.02 01:05:03.241;1520,885;1520,375;0,0001;0,0001
2020.01.02 01:05:03.291;1520,855;1520,355;0,0001;0,0001
2020.01.02 01:05:04.561;1520,865;1520,365;0,0001;0,0001
2020.01.02 01:05:05.220;1520,855;1520,355;0,0001;0,0001
2020.01.02 01:05:05.793;1520,855;1520,365;0,0001;0,0001
2020.01.02 01:05:05.844;1520,865;1520,365;0,0001;0,0001
2020.01.02 01:05:06.412;1520,865;1520,355;0,0001;0,0001
2020.01.02 01:05:06.463;1520,845;1520,355;0,0001;0,0001
2020.01.02 01:05:08.264;1520,865;1520,365;0,0001;0,0001
2020.01.02 01:05:08.325;1520,875;1520,385;0,0001;0,0001
2020.01.02 01:05:09.377;1520,885;1520,395;0,0001;0,0001
2020.01.02 01:05:10.501;1520,875;1520,385;0,0001;0,0001
2020.01.02 01:05:11.084;1520,992;1520,505;0,00037;0,0001
2020.01.02 01:05:11.491;1520,992;1520,475;0,00037;0,0001
2020.01.02 01:05:12.075;1520,992;1520,435;0,00037;0,0001
2020.01.02 01:05:16.114;1521,072;1520,515;0,00037;0,0001
2020.01.02 01:05:18.847;1521,072;1520,485;0,00037;0,0001
2020.01.02 01:05:19.585;1521,072;1520,465;0,00037;0,0001
2020.01.02 01:05:23.545;1521,042;1520,445;0,00037;0,0001
2020.01.02 01:05:25.575;1521,042;1520,455;0,00037;0,0001
2020.01.02 01:05:25.626;1521,055;1520,455;0,0001;0,0001
2020.01.02 01:05:25.676;1521,015;1520,445;0,0001;0,0001
2020.01.02 01:05:27.185;1521,172;1520,575;0,00037;0,0001
2020.01.02 01:05:28.377;1521,172;1520,595;0,00037;0,0001
2020.01.02 01:05:28.831;1521,172;1520,635;0,00037;0,0001
2020.01.02 01:05:28.881;1521,215;1520,635;0,0001;0,0001
2020.01.02 01:05:29.036;1521,265;1520,695;0,0001;0,0001
2020.01.02 01:05:29.697;1521,265;1520,705;0,0001;0,0001
2020.01.02 01:05:29.825;1521,185;1520,685;0,0001;0,0001
2020.01.02 01:05:30.434;1521,165;1520,675;0,0001;0,0001
2020.01.02 01:05:30.637;1521,145;1520,655;0,0001;0,0001
2020.01.02 01:05:31.125;1521,165;1520,665;0,0001;0,0001
2020.01.02 01:05:31.333;1521,225;1520,715;0,0001;0,0001
2020.01.02 01:05:31.434;1521,205;1520,715;0,0001;0,0001
2020.01.02 01:05:32.155;1521,195;1520,695;0,0001;0,0001
2020.01.02 01:05:32.490;1521,175;1520,685;0,0001;0,0001
2020.01.02 01:05:32.591;1521,292;1520,755;0,00037;0,0001
2020.01.02 01:05:33.406;1521,292;1520,725;0,00037;0,0001
2020.01.02 01:05:36.991;1521,292;1520,785;0,00037;0,0001
2020.01.02 01:05:37.619;1521,292;1520,735;0,00037;0,0001
2020.01.02 01:05:38.608;1521,292;1520,695;0,00037;0,0001
2020.01.02 01:05:39.794;1521,282;1520,695;0,00022;0,0001
2020.01.02 01:05:41.345;1521,252;1520,625;0,00022;0,0001
2020.01.02 01:05:42.544;1521,202;1520,625;0,00022;0,0001
2020.01.02 01:05:43.361;1521,202;1520,575;0,00022;0,0001
2020.01.02 01:05:43.412;1521,222;1520,655;0,00022;0,0001
2020.01.02 01:05:43.903;1521,202;1520,655;0,00022;0,0001
2020.01.02 01:05:44.314;1521,202;1520,705;0,00022;0,0001
2020.01.02 01:05:44.364;1521,272;1520,705;0,00022;0,0001
2020.01.02 01:05:46.054;1521,372;1520,705;0,00022;0,0001
2020.01.02 01:05:46.104;1521,372;1520,775;0,00022;0,0001
2020.01.02 01:05:51.635;1521,332;1520,775;0,00037;0,0001
2020.01.02 01:05:51.685;1521,372;1520,735;0,00037;0,0001
2020.01.02 01:05:52.684;1521,302;1520,735;0,00037;0,0001
2020.01.02 01:06:08.905;1521,302;1520,705;0,00037;0,0001
2020.01.02 01:06:10.054;1521,302;1520,618;0,00037;0,00037
2020.01.02 01:06:10.105;1521,182;1520,605;0,00037;0,0001
2020.01.02 01:06:35.574;1521,132;1520,605;0,00037;0,0001
2020.01.02 01:06:35.625;1521,172;1520,575;0,00037;0,0001
2020.01.02 01:06:37.174;1521,132;1520,575;0,00037;0,0001
2020.01.02 01:06:39.604;1521,172;1520,575;0,00037;0,0001
2020.01.02 01:06:39.655;1521,172;1520,605;0,00037;0,0001
2020.01.02 01:06:39.710;1521,172;1520,565;0,00037;0,0001
2020.01.02 01:06:39.846;1521,815;1520,565;0,0001;0,0001
2020.01.02 01:06:40.244;1521,172;1520,565;0,00037;0,0001
2020.01.02 01:06:40.500;1521,172;1520,635;0,00037;0,0001
2020.01.02 01:06:40.551;1521,272;1520,695;0,00037;0,0001
2020.01.02 01:06:41.925;1521,232;1520,695;0,00037;0,0001
2020.01.02 01:06:41.976;1521,232;1520,645;0,00037;0,0001
2020.01.02 01:06:42.976;1521,192;1520,645;0,00037;0,0001
2020.01.02 01:06:43.254;1521,272;1520,645;0,00037;0,0001
2020.01.02 01:06:43.354;1521,272;1520,685;0,00037;0,0001
2020.01.02 01:06:55.764;1521,272;1520,725;0,00037;0,0001
2020.01.02 01:06:55.814;1521,322;1520,725;0,00037;0,0001
2020.01.02 01:07:02.783;1521,372;1520,785;0,00037;0,0001
2020.01.02 01:07:10.372;1521,332;1520,785;0,00037;0,0001
2020.01.02 01:07:10.423;1521,372;1520,785;0,00037;0,0001
2020.01.02 01:07:17.302;1521,372;1520,815;0,00037;0,0001
2020.01.02 01:07:21.314;1521,372;1520,855;0,00037;0,0001
2020.01.02 01:07:21.365;1521,472;1520,895;0,00037;0,0001
2020.01.02 01:07:26.724;1521,522;1520,895;0,00022;0,0001
2020.01.02 01:07:26.775;1521,522;1520,935;0,00022;0,0001
2020.01.02 01:07:28.550;1521,572;1520,975;0,00022;0,0001
2020.01.02 01:07:32.115;1521,552;1520,975;0,00022;0,0001
2020.01.02 01:07:32.206;1521,552;1520,915;0,00022;0,0001
2020.01.02 01:07:33.171;1521,492;1520,915;0,00022;0,0001
2020.01.02 01:07:36.826;1521,522;1520,915;0,00037;0,0001
2020.01.02 01:07:37.462;1521,522;1520,885;0,00037;0,0001
2020.01.02 01:07:37.824;1521,492;1520,885;0,00037;0,0001
2020.01.02 01:07:42.211;1521,492;1520,925;0,00037;0,0001
2020.01.02 01:07:42.262;1521,522;1520,925;0,00037;0,0001
2020.01.02 01:07:46.064;1521,572;1520,925;0,00037;0,0001
2020.01.02 01:07:46.115;1521,572;1520,955;0,00037;0,0001
2020.01.02 01:08:02.665;1521,622;1520,968;0,00037;0,00037
2020.01.02 01:08:02.715;1521,622;1521,015;0,00037;0,0001
2020.01.02 01:08:02.784;1521,672;1521,015;0,00037;0,0001
2020.01.02 01:08:04.085;1521,662;1521,015;0,00037;0,0001
2020.01.02 01:08:04.679;1521,662;1520,975;0,00037;0,0001
2020.01.02 01:08:04.995;1521,602;1520,975;0,00037;0,0001
2020.01.02 01:08:10.174;1521,572;1520,975;0,00037;0,0001
2020.01.02 01:08:10.225;1521,572;1520,915;0,00037;0,0001
2020.01.02 01:08:11.823;1521,522;1520,885;0,00037;0,0001
2020.01.02 01:08:12.185;1521,482;1520,885;0,00037;0,0001
2020.01.02 01:08:12.235;1521,482;1520,785;0,00037;0,0001
2020.01.02 01:08:12.884;1521,422;1520,785;0,00037;0,0001
2020.01.02 01:08:13.886;1521,392;1520,785;0,00037;0,0001
2020.01.02 01:08:23.629;1522,065;1520,785;0,0001;0,0001
2020.01.02 01:08:23.730;1522,125;1520,785;0,00016;0,0001
2020.01.02 01:08:23.956;1522,085;1520,785;0,00016;0,0001
2020.01.02 01:08:25.263;1522,085;1520,825;0,00016;0,0001
2020.01.02 01:08:25.638;1521,422;1520,825;0,00037;0,0001
2020.01.02 01:08:27.668;1521,472;1520,855;0,00037;0,0001
2020.01.02 01:08:28.394;1521,412;1520,855;0,00037;0,0001
2020.01.02 01:08:28.445;1521,412;1520,805;0,00037;0,0001
2020.01.02 01:08:30.393;1521,382;1520,805;0,00037;0,0001
2020.01.02 01:08:30.985;1521,472;1520,805;0,00037;0,0001
2020.01.02 01:08:31.035;1521,472;1520,835;0,00037;0,0001
2020.01.02 01:08:34.854;1521,452;1520,835;0,00037;0,0001
2020.01.02 01:08:34.905;1521,452;1520,795;0,00037;0,0001
2020.01.02 01:08:35.854;1521,402;1520,795;0,00037;0,0001
2020.01.02 01:08:37.321;1521,402;1520,765;0,00037;0,0001
2020.01.02 01:08:39.707;1521,402;1520,718;0,00037;0,00037
2020.01.02 01:08:39.758;1521,402;1520,775;0,00037;0,0001
2020.01.02 01:08:43.514;1521,472;1520,835;0,00037;0,0001
2020.01.02 01:08:52.964;1521,472;1520,865;0,00037;0,0001
2020.01.02 01:09:01.561;1521,472;1520,835;0,00037;0,0001
2020.01.02 01:09:04.021;1521,432;1521,008;0,00022;0,00015
2020.01.02 01:09:05.463;1521,472;1521,058;0,00037;0,00052
2020.01.02 01:09:06.485;1521,432;1521,008;0,00022;0,00015
2020.01.02 01:09:07.134;1521,472;1521,028;0,00037;0,00052
2020.01.02 01:09:07.271;1521,472;1520,988;0,00037;0,00052
2020.01.02 01:09:07.894;1521,472;1521,048;0,00037;0,00052
2020.01.02 01:09:10.558;1521,472;1521,038;0,00037;0,00052
2020.01.02 01:09:10.714;1521,472;1521,048;0,00037;0,00052
2020.01.02 01:09:11.624;1521,472;1521,058;0,00037;0,00052
2020.01.02 01:09:11.893;1521,472;1521,068;0,00037;0,00015
2020.01.02 01:09:13.134;1521,472;1521,058;0,00037;0,00015
2020.01.02 01:09:21.545;1521,472;1520,988;0,00037;0,00052
2020.01.02 01:09:21.624;1521,432;1521,008;0,00022;0,00015
2020.01.02 01:09:22.184;1521,472;1521,058;0,00037;0,00015
2020.01.02 01:09:27.005;1521,422;1520,998;0,00022;0,0001
2020.01.02 01:09:35.614;1521,472;1521,048;0,0006;0,00015
2020.01.02 01:09:37.358;1521,422;1520,998;0,00022;0,00015
2020.01.02 01:09:39.611;1521,372;1520,948;0,00022;0,00015
2020.01.02 01:09:41.421;1521,362;1520,938;0,00022;0,00015
2020.01.02 01:09:41.577;1521,322;1520,898;0,00022;0,00015
2020.01.02 01:09:42.524;1521,372;1520,948;0,00022;0,00015
2020.01.02 01:09:43.044;1521,292;1520,868;0,00022;0,00015
2020.01.02 01:09:43.204;1521,292;1520,788;0,00022;0,00052
2020.01.02 01:09:43.305;1521,282;1520,778;0,00022;0,00052
2020.01.02 01:09:45.184;1521,222;1520,718;0,00022;0,00052
2020.01.02 01:09:45.774;1521,222;1520,728;0,00022;0,00052
2020.01.02 01:09:46.614;1521,212;1520,718;0,00022;0,00052
2020.01.02 01:09:46.928;1521,172;1520,688;0,00022;0,00052
2020.01.02 01:09:47.665;1521,202;1520,758;0,00037;0,00052
2020.01.02 01:09:49.284;1521,172;1520,688;0,00022;0,00052
2020.01.02 01:09:49.899;1521,182;1520,688;0,00022;0,00052
2020.01.02 01:09:50.774;1521,182;1520,758;0,00022;0,0001
2020.01.02 01:09:51.465;1521,272;1520,848;0,0006;0,0001
2020.01.02 01:09:51.734;1521,272;1520,898;0,00037;0,0001
2020.01.02 01:09:51.785;1521,272;1520,848;0,0006;0,0001
2020.01.02 01:09:52.065;1521,262;1520,848;0,00037;0,0001
2020.01.02 01:09:52.575;1521,262;1520,888;0,00037;0,0001
2020.01.02 01:09:52.626;1521,272;1520,888;0,00037;0,0001
2020.01.02 01:09:53.114;1521,272;1520,848;0,0006;0,0001
2020.01.02 01:09:53.804;1521,242;1520,848;0,00037;0,0001
2020.01.02 01:09:54.785;1521,242;1520,838;0,00037;0,0001
2020.01.02 01:09:55.129;1521,272;1520,858;0,00037;0,0001
2020.01.02 01:09:55.364;1521,272;1520,948;0,00037;0,0001
2020.01.02 01:09:55.674;1521,272;1520,868;0,00037;0,0001
2020.01.02 01:09:56.015;1521,272;1520,958;0,00037;0,00015
2020.01.02 01:09:56.065;1521,272;1520,878;0,00037;0,00015
2020.01.02 01:09:56.534;1521,272;1520,868;0,00037;0,00015
2020.01.02 01:09:57.224;1521,272;1520,878;0,00037;0,00015
2020.01.02 01:09:58.726;1521,252;1520,828;0,00022;0,00015
2020.01.02 01:09:59.678;1521,232;1520,808;0,00022;0,00015
2020.01.02 01:09:59.885;1521,262;1520,838;0,00022;0,00015
2020.01.02 01:10:00.345;1521,192;1520,768;0,00022;0,00015
2020.01.02 01:10:03.413;1521,135;1520,768;0,00037;0,00022
2020.01.02 01:10:03.745;1521,105;1520,768;0,00037;0,00022
2020.01.02 01:10:04.456;1521,125;1520,768;0,00037;0,00022
2020.01.02 01:10:04.507;1521,095;1520,768;0,00037;0,00022
2020.01.02 01:10:04.574;1521,115;1520,768;0,00037;0,00022
2020.01.02 01:10:04.675;1521,095;1520,768;0,00037;0,00022
2020.01.02 01:10:05.529;1521,095;1520,515;0,00037;0,0001
2020.01.02 01:10:06.056;1521,045;1520,668;0,00037;0,00022
2020.01.02 01:10:06.386;1520,995;1520,668;0,00037;0,00022
2020.01.02 01:10:06.784;1520,995;1520,658;0,00037;0,00022
2020.01.02 01:10:09.258;1521,015;1520,658;0,00037;0,00022
2020.01.02 01:10:09.309;1521,115;1520,758;0,00037;0,00022
2020.01.02 01:10:09.410;1521,125;1520,758;0,00037;0,00022
2020.01.02 01:10:09.460;1521,085;1520,758;0,00037;0,00022
2020.01.02 01:10:10.325;1520,985;1520,638;0,00037;0,00022
2020.01.02 01:10:10.376;1520,965;1520,578;0,00037;0,00022
2020.01.02 01:10:10.426;1520,905;1520,578;0,00037;0,00022
2020.01.02 01:10:10.881;1520,905;1520,628;0,00037;0,00022
2020.01.02 01:10:10.931;1520,945;1520,628;0,00037;0,00022
2020.01.02 01:10:12.335;1520,945;1520,568;0,00037;0,00022
2020.01.02 01:10:12.386;1520,895;1520,568;0,00037;0,00022
2020.01.02 01:10:14.711;1520,905;1520,568;0,00037;0,00022
2020.01.02 01:10:14.762;1520,945;1520,678;0,00037;0,00022
2020.01.02 01:10:14.812;1520,995;1520,668;0,00037;0,00015
2020.01.02 01:10:14.986;1520,975;1520,588;0,00037;0,00015
2020.01.02 01:10:15.036;1520,915;1520,588;0,00037;0,00015
2020.01.02 01:10:16.450;1520,815;1520,438;0,00037;0,00015
2020.01.02 01:10:16.501;1520,765;1520,388;0,00037;0,00015
2020.01.02 01:10:16.602;1520,715;1520,388;0,00037;0,00015
2020.01.02 01:10:16.824;1520,715;1520,378;0,00037;0,00015
2020.01.02 01:10:16.881;1520,705;1520,338;0,00037;0,00015
2020.01.02 01:10:16.932;1520,665;1520,338;0,00037;0,00015
2020.01.02 01:10:17.450;1520,635;1520,318;0,00037;0,00015
2020.01.02 01:10:18.319;1520,615;1520,248;0,00037;0,00015
2020.01.02 01:10:18.369;1520,565;1520,248;0,00037;0,00015
2020.01.02 01:10:18.659;1520,595;1520,248;0,00037;0,00015
2020.01.02 01:10:18.709;1520,655;1520,308;0,00037;0,00015
2020.01.02 01:10:18.834;1520,635;1520,308;0,00037;0,00015
2020.01.02 01:10:19.503;1520,635;1520,298;0,00037;0,00015
2020.01.02 01:10:19.638;1520,625;1520,258;0,00037;0,00015
2020.01.02 01:10:19.689;1520,585;1520,258;0,00037;0,00015
2020.01.02 01:10:19.915;1520,605;1520,258;0,00037;0,00015
2020.01.02 01:10:20.015;1520,615;1520,288;0,00037;0,00015
2020.01.02 01:10:20.134;1520,615;1520,268;0,00037;0,00015
2020.01.02 01:10:20.244;1520,595;1520,268;0,00037;0,00015
2020.01.02 01:10:23.520;1520,615;1520,268;0,00037;0,00015
2020.01.02 01:10:23.621;1520,615;1520,288;0,00037;0,00015
2020.01.02 01:10:24.054;1520,595;1520,258;0,00037;0,00015
2020.01.02 01:10:29.456;1520,605;1520,258;0,00037;0,00015
2020.01.02 01:10:29.507;1520,672;1520,318;0,00037;0,00015
2020.01.02 01:10:29.557;1520,645;1520,318;0,00037;0,00015
2020.01.02 01:10:30.743;1520,645;1520,308;0,00037;0,00015
2020.01.02 01:10:31.135;1520,665;1520,288;0,00037;0,00015
2020.01.02 01:10:31.185;1520,645;1520,358;0,00037;0,00015
2020.01.02 01:10:31.236;1520,685;1520,358;0,00037;0,00015
2020.01.02 01:10:32.295;1520,695;1520,358;0,00037;0,00015
2020.01.02 01:10:32.550;1520,705;1520,358;0,00037;0,00015
2020.01.02 01:10:32.651;1520,675;1520,358;0,00037;0,00015
2020.01.02 01:10:34.399;1520,705;1520,378;0,00037;0,00015
2020.01.02 01:10:34.449;1520,735;1520,418;0,00037;0,00015
2020.01.02 01:10:34.500;1520,765;1520,438;0,00037;0,00015
2020.01.02 01:10:34.771;1520,765;1520,428;0,00037;0,00015
2020.01.02 01:10:34.872;1520,835;1520,448;0,00037;0,00022
2020.01.02 01:10:34.972;1520,775;1520,448;0,00037;0,00022
2020.01.02 01:10:35.279;1520,765;1520,448;0,00037;0,00022
2020.01.02 01:10:35.329;1520,765;1520,368;0,00037;0,00022
2020.01.02 01:10:35.380;1520,705;1520,368;0,00037;0,00022
2020.01.02 01:10:36.141;1520,635;1520,298;0,00037;0,00022
2020.01.02 01:10:36.446;1520,635;1520,288;0,00037;0,00022
2020.01.02 01:10:36.497;1520,615;1520,288;0,00037;0,00022
2020.01.02 01:10:36.694;1520,615;1520,238;0,00037;0,00022
2020.01.02 01:10:36.745;1520,615;1520,228;0,00037;0,00022
2020.01.02 01:10:36.795;1520,555;1520,228;0,00037;0,00022
2020.01.02 01:10:37.235;1520,555;1520,348;0,00037;0,00022
2020.01.02 01:10:37.285;1520,755;1520,348;0,00037;0,00022
2020.01.02 01:10:37.336;1520,665;1520,358;0,00037;0,00022
2020.01.02 01:10:37.431;1520,685;1520,358;0,00037;0,00022
2020.01.02 01:10:37.482;1520,785;1520,408;0,00037;0,00022
2020.01.02 01:10:37.532;1520,725;1520,408;0,00037;0,00022
2020.01.02 01:10:39.349;1520,765;1520,408;0,00037;0,00022
2020.01.02 01:10:39.450;1520,755;1520,428;0,00037;0,00022
2020.01.02 01:10:40.174;1520,755;1520,408;0,00037;0,00022
2020.01.02 01:10:40.275;1520,735;1520,408;0,00037;0,00022
2020.01.02 01:10:44.774;1520,735;1520,418;0,00037;0,00022
2020.01.02 01:10:47.867;1520,765;1520,418;0,00037;0,00022
2020.01.02 01:10:47.918;1520,845;1520,428;0,00037;0,00022
2020.01.02 01:10:47.968;1520,755;1520,428;0,00037;0,00022
2020.01.02 01:10:48.312;1520,775;1520,428;0,00037;0,00022
2020.01.02 01:10:48.363;1520,845;1520,548;0,00037;0,00022
2020.01.02 01:10:48.413;1520,715;1520,388;0,0001;0,00022
2020.01.02 01:10:48.464;1520,715;1520,368;0,00045;0,00022
2020.01.02 01:10:48.729;1520,645;1520,318;0,0001;0,00022
2020.01.02 01:10:48.914;1520,615;1520,318;0,0001;0,00022
2020.01.02 01:10:48.964;1520,615;1520,258;0,0001;0,00022
2020.01.02 01:10:49.015;1520,595;1520,238;0,0001;0,00022
2020.01.02 01:10:49.205;1520,595;1520,218;0,0001;0,00022
2020.01.02 01:10:49.255;1520,515;1520,168;0,00045;0,00022
2020.01.02 01:10:49.356;1520,495;1520,168;0,00037;0,00022
2020.01.02 01:10:50.484;1520,495;1520,238;0,00037;0,00022
2020.01.02 01:10:50.534;1520,525;1520,178;0,0001;0,00022
2020.01.02 01:10:50.585;1520,505;1520,178;0,00037;0,00022
2020.01.02 01:10:52.224;1520,505;1520,168;0,00037;0,00015
2020.01.02 01:10:52.325;1520,495;1520,148;0,00037;0,00015
2020.01.02 01:10:52.425;1520,605;1520,198;0,0001;0,00015
2020.01.02 01:10:52.476;1520,605;1520,248;0,0001;0,00015
2020.01.02 01:10:53.575;1520,535;1520,168;0,0001;0,00015
2020.01.02 01:10:53.625;1520,495;1520,168;0,00037;0,00015
2020.01.02 01:10:53.694;1520,495;1520,158;0,00037;0,00015
2020.01.02 01:10:54.054;1520,495;1520,118;0,00037;0,00015
2020.01.02 01:10:54.160;1520,455;1520,118;0,00037;0,00015
2020.01.02 01:10:55.545;1520,455;1520,108;0,00037;0,00015
2020.01.02 01:10:55.605;1520,465;1520,108;0,00037;0,00015
2020.01.02 01:10:55.656;1520,445;1520,108;0,00037;0,00015
2020.01.02 01:11:00.153;1520,445;1520,098;0,00037;0,00015
2020.01.02 01:11:00.204;1520,445;1520,088;0,00037;0,00015
2020.01.02 01:11:01.135;1520,455;1520,088;0,00037;0,00015
2020.01.02 01:11:01.185;1520,475;1520,108;0,0001;0,00015
2020.01.02 01:11:01.334;1520,455;1520,108;0,00037;0,00015
2020.01.02 01:11:01.384;1520,455;1520,098;0,00037;0,00015
2020.01.02 01:11:02.197;1520,435;1520,098;0,00037;0,00015
2020.01.02 01:11:02.570;1520,455;1520,098;0,00037;0,00015
2020.01.02 01:11:02.621;1520,505;1520,148;0,0001;0,00015
2020.01.02 01:11:02.984;1520,485;1520,148;0,00037;0,00015
2020.01.02 01:11:04.026;1520,485;1520,158;0,00037;0,00015
2020.01.02 01:11:04.125;1520,485;1520,148;0,00037;0,00015
2020.01.02 01:11:04.300;1520,505;1520,148;0,0001;0,00015
2020.01.02 01:11:04.351;1520,585;1520,198;0,0001;0,00015
2020.01.02 01:11:04.451;1520,505;1520,168;0,00037;0,00015
2020.01.02 01:11:05.928;1520,505;1520,148;0,00037;0,00015
2020.01.02 01:11:06.029;1520,485;1520,148;0,00037;0,00015
2020.01.02 01:11:06.340;1520,505;1520,148;0,00037;0,00015
2020.01.02 01:11:06.390;1520,525;1520,168;0,0001;0,00015
2020.01.02 01:11:06.616;1520,505;1520,168;0,00037;0,00015
2020.01.02 01:11:07.904;1520,505;1520,158;0,00045;0,00015
2020.01.02 01:11:08.851;1520,485;1520,148;0,00045;0,00015
2020.01.02 01:11:08.980;1520,485;1520,158;0,00045;0,00015
2020.01.02 01:11:09.030;1520,485;1520,148;0,00045;0,00015
2020.01.02 01:11:09.196;1520,485;1520,108;0,00045;0,00015
2020.01.02 01:11:09.296;1520,445;1520,108;0,00037;0,00015
2020.01.02 01:11:09.739;1520,465;1520,108;0,00037;0,00015
2020.01.02 01:11:09.790;1520,485;1520,158;0,00045;0,00015
2020.01.02 01:11:09.975;1520,485;1520,108;0,0001;0,00015
2020.01.02 01:11:10.080;1520,455;1520,108;0,00037;0,00015
2020.01.02 01:11:10.300;1520,455;1520,098;0,00037;0,00015
2020.01.02 01:11:10.400;1520,435;1520,098;0,00037;0,00015
2020.01.02 01:11:11.025;1520,435;1520,078;0,00037;0,00015
2020.01.02 01:11:11.393;1520,445;1520,078;0,00037;0,00015
2020.01.02 01:11:11.443;1520,445;1520,088;0,0001;0,00015
2020.01.02 01:11:11.544;1520,415;1520,078;0,00037;0,00015
2020.01.02 01:11:13.415;1520,415;1520,068;0,00037;0,00022
2020.01.02 01:11:14.296;1520,435;1520,068;0,00045;0,00022
2020.01.02 01:11:14.346;1520,445;1520,088;0,0001;0,00022
2020.01.02 01:11:14.540;1520,425;1520,088;0,00037;0,00022
2020.01.02 01:11:16.064;1520,425;1520,078;0,00037;0,00015
2020.01.02 01:11:16.164;1520,415;1520,068;0,00037;0,00015
2020.01.02 01:11:16.570;1520,415;1520,048;0,00037;0,00015
2020.01.02 01:11:18.881;1520,425;1520,058;0,0001;0,00015
2020.01.02 01:11:19.212;1520,435;1520,088;0,00037;0,00015
2020.01.02 01:11:19.605;1520,412;1519,988;0,00022;0,00015
2020.01.02 01:11:19.655;1520,365;1519,988;0,0001;0,00015
2020.01.02 01:11:19.822;1520,325;1519,988;0,00037;0,00015
2020.01.02 01:11:20.266;1520,325;1519,978;0,00037;0,00015
2020.01.02 01:11:20.387;1520,325;1519,928;0,00037;0,00015
2020.01.02 01:11:20.437;1520,305;1519,928;0,00037;0,00015
2020.01.02 01:11:20.558;1520,255;1519,928;0,00037;0,00015
2020.01.02 01:11:21.336;1520,275;1519,928;0,00037;0,00015
2020.01.02 01:11:21.436;1520,315;1519,978;0,00037;0,00015
2020.01.02 01:11:21.740;1520,315;1519,988;0,00037;0,00015
2020.01.02 01:11:22.182;1520,315;1519,968;0,00037;0,00015
2020.01.02 01:11:23.833;1520,315;1519,998;0,00037;0,00015
2020.01.02 01:11:23.883;1520,335;1519,998;0,00037;0,00015
2020.01.02 01:11:25.174;1520,335;1519,978;0,00037;0,00015
2020.01.02 01:11:25.484;1520,335;1519,968;0,00037;0,00015
2020.01.02 01:11:25.535;1520,335;1519,978;0,00045;0,00015
2020.01.02 01:11:25.765;1520,315;1519,978;0,00037;0,00015
2020.01.02 01:11:26.147;1520,315;1519,958;0,00037;0,00015
2020.01.02 01:11:27.135;1520,315;1519,988;0,00037;0,00015
2020.01.02 01:11:27.186;1520,325;1519,988;0,00037;0,00015
2020.01.02 01:11:27.861;1520,335;1519,988;0,0001;0,00015
2020.01.02 01:11:27.911;1520,355;1520,008;0,0001;0,00015
2020.01.02 01:11:28.454;1520,455;1520,098;0,0001;0,00015
2020.01.02 01:11:28.505;1520,435;1520,098;0,00037;0,00015
2020.01.02 01:11:28.954;1520,435;1520,078;0,00037;0,00015
2020.01.02 01:11:29.340;1520,415;1520,068;0,00037;0,00015
2020.01.02 01:11:31.424;1520,425;1520,198;0,00037;0,00015
2020.01.02 01:11:31.475;1520,555;1520,198;0,0001;0,00015
2020.01.02 01:11:31.525;1520,525;1520,198;0,00037;0,00015
2020.01.02 01:11:32.085;1520,525;1520,188;0,00037;0,00015
2020.01.02 01:11:32.265;1520,525;1520,168;0,00037;0,00015
2020.01.02 01:11:32.319;1520,515;1520,168;0,00037;0,00015
2020.01.02 01:11:32.424;1520,495;1520,168;0,00037;0,00015
2020.01.02 01:11:33.805;1520,495;1520,128;0,00037;0,00015
2020.01.02 01:11:33.906;1520,485;1520,128;0,00037;0,00015
2020.01.02 01:11:33.956;1520,545;1520,168;0,0001;0,00015
2020.01.02 01:11:34.006;1520,515;1520,168;0,00037;0,00015
2020.01.02 01:11:35.633;1520,535;1520,168;0,00037;0,00022
2020.01.02 01:11:35.684;1520,545;1520,288;0,0001;0,00022
2020.01.02 01:11:39.204;1520,555;1520,188;0,0001;0,00015
2020.01.02 01:11:39.258;1520,525;1520,188;0,00037;0,00015
2020.01.02 01:11:40.681;1520,525;1520,158;0,00037;0,00015
2020.01.02 01:11:40.732;1520,505;1520,158;0,00037;0,00015
2020.01.02 01:11:40.960;1520,495;1520,158;0,00037;0,00015
2020.01.02 01:11:41.554;1520,515;1520,158;0,00037;0,00015
2020.01.02 01:11:41.655;1520,535;1520,208;0,00037;0,00015
2020.01.02 01:11:41.705;1520,555;1520,208;0,00037;0,00015
2020.01.02 01:11:41.923;1520,605;1520,208;0,0001;0,00015
2020.01.02 01:11:42.024;1520,535;1520,208;0,00037;0,00015
2020.01.02 01:11:43.192;1520,555;1520,208;0,00037;0,00015
2020.01.02 01:11:43.243;1520,615;1520,248;0,0001;0,00015
2020.01.02 01:11:43.534;1520,602;1520,178;0,00022;0,00015
2020.01.02 01:11:43.584;1520,555;1520,178;0,0001;0,00015
2020.01.02 01:11:43.702;1520,515;1520,178;0,00037;0,00015
2020.01.02 01:11:43.894;1520,515;1520,258;0,00037;0,00015
2020.01.02 01:11:43.944;1520,545;1520,178;0,0001;0,00015
2020.01.02 01:11:43.995;1520,515;1520,178;0,00037;0,00015
2020.01.02 01:11:44.195;1520,515;1520,168;0,00037;0,00015
2020.01.02 01:11:44.965;1520,555;1520,188;0,0001;0,00015
2020.01.02 01:11:45.015;1520,535;1520,188;0,00037;0,00015
2020.01.02 01:11:45.205;1520,545;1520,238;0,0001;0,00015
2020.01.02 01:11:45.306;1520,555;1520,198;0,0001;0,00015
2020.01.02 01:11:45.357;1520,535;1520,198;0,00037;0,00015
2020.01.02 01:11:48.294;1520,535;1520,158;0,00037;0,00015
2020.01.02 01:11:48.395;1520,495;1520,158;0,00037;0,00015
2020.01.02 01:11:48.445;1520,555;1520,188;0,0001;0,00015
2020.01.02 01:11:48.496;1520,525;1520,188;0,00037;0,00015
2020.01.02 01:11:48.546;1520,555;1520,188;0,0001;0,00015
2020.01.02 01:11:48.647;1520,525;1520,188;0,00037;0,00015
2020.01.02 01:11:50.834;1520,525;1520,178;0,00037;0,00015
2020.01.02 01:11:50.885;1520,625;1520,208;0,0001;0,00015
2020.01.02 01:11:50.935;1520,545;1520,208;0,00037;0,00015
2020.01.02 01:11:51.574;1520,545;1520,218;0,00037;0,00015
2020.01.02 01:11:52.015;1520,595;1520,218;0,00037;0,00015
2020.01.02 01:11:52.066;1520,625;1520,328;0,0001;0,00015
2020.01.02 01:11:54.968;1520,625;1520,228;0,0001;0,00015
2020.01.02 01:11:55.068;1520,555;1520,228;0,00037;0,00015
2020.01.02 01:11:55.203;1520,555;1520,218;0,00037;0,00015
2020.01.02 01:11:56.598;1520,585;1520,218;0,00037;0,00022
2020.01.02 01:11:56.649;1520,625;1520,318;0,0001;0,00022
2020.01.02 01:12:00.297;1520,625;1520,308;0,00045;0,00022
2020.01.02 01:12:00.864;1520,615;1520,278;0,0001;0,00022
2020.01.02 01:12:00.915;1520,605;1520,278;0,00037;0,00022
2020.01.02 01:12:02.506;1520,605;1520,228;0,00037;0,00022
2020.01.02 01:12:02.607;1520,555;1520,228;0,00037;0,00022
2020.01.02 01:12:02.795;1520,545;1520,188;0,0001;0,00022
2020.01.02 01:12:02.845;1520,515;1520,188;0,00037;0,00022
2020.01.02 01:12:03.034;1520,515;1520,178;0,00037;0,00022
2020.01.02 01:12:03.085;1520,515;1520,158;0,00037;0,00022
2020.01.02 01:12:03.185;1520,485;1520,158;0,00037;0,00022
2020.01.02 01:12:03.236;1520,485;1520,128;0,00037;0,00022
2020.01.02 01:12:03.286;1520,455;1520,128;0,00037;0,00022
2020.01.02 01:12:03.942;1520,455;1520,118;0,00037;0,00022
2020.01.02 01:12:04.006;1520,455;1520,068;0,00037;0,00022
2020.01.02 01:12:04.056;1520,435;1520,068;0,0001;0,00022
2020.01.02 01:12:04.315;1520,395;1520,028;0,00037;0,00022
2020.01.02 01:12:04.424;1520,355;1520,028;0,00037;0,00022
2020.01.02 01:12:06.852;1520,355;1520,018;0,00037;0,00022
2020.01.02 01:12:06.952;1520,335;1519,988;0,00037;0,00022
2020.01.02 01:12:07.003;1520,315;1519,988;0,00037;0,00022
2020.01.02 01:12:07.694;1520,315;1520,008;0,00037;0,00022
2020.01.02 01:12:07.795;1520,315;1519,928;0,00037;0,00022
2020.01.02 01:12:07.846;1520,285;1519,928;0,00037;0,00022
2020.01.02 01:12:08.024;1520,255;1519,928;0,00037;0,00022
2020.01.02 01:12:08.125;1520,255;1519,918;0,00037;0,00022
2020.01.02 01:12:12.136;1520,325;1519,918;0,0001;0,00022
2020.01.02 01:12:12.237;1520,255;1519,918;0,00037;0,00022
2020.01.02 01:12:12.422;1520,275;1519,918;0,00037;0,00022
2020.01.02 01:12:12.473;1520,265;1519,908;0,0001;0,00015
2020.01.02 01:12:12.661;1520,235;1519,908;0,00037;0,00015
2020.01.02 01:12:13.355;1520,255;1519,918;0,00037;0,00015
2020.01.02 01:12:13.405;1520,245;1519,918;0,00037;0,00015
2020.01.02 01:12:13.535;1520,245;1520,038;0,00037;0,00015
2020.01.02 01:12:13.636;1520,335;1520,038;0,0001;0,00015
2020.01.02 01:12:13.737;1520,345;1520,018;0,0001;0,00015
2020.01.02 01:12:13.787;1520,335;1520,018;0,00037;0,00015
2020.01.02 01:12:14.174;1520,325;1520,018;0,00037;0,00015
2020.01.02 01:12:15.620;1520,345;1520,018;0,0001;0,00015
2020.01.02 01:12:15.720;1520,335;1520,008;0,00037;0,00015
2020.01.02 01:12:17.854;1520,335;1519,938;0,00037;0,00015
2020.01.02 01:12:17.954;1520,265;1519,938;0,00037;0,00015
2020.01.02 01:12:18.984;1520,285;1519,938;0,00037;0,00015
2020.01.02 01:12:19.035;1520,355;1520,008;0,0001;0,00015
2020.01.02 01:12:19.263;1520,335;1520,008;0,00037;0,00015
2020.01.02 01:12:19.644;1520,255;1519,918;0,0001;0,00015
2020.01.02 01:12:19.694;1520,245;1519,918;0,00037;0,00015
2020.01.02 01:12:19.848;1520,235;1519,918;0,00037;0,00015
2020.01.02 01:12:20.078;1520,235;1519,928;0,00037;0,00015
2020.01.02 01:12:20.180;1520,225;1519,838;0,00037;0,00015
2020.01.02 01:12:20.230;1520,165;1519,828;0,00037;0,00015
2020.01.02 01:12:21.234;1520,245;1519,908;0,0001;0,00015
2020.01.02 01:12:21.573;1520,235;1519,908;0,00037;0,00015
2020.01.02 01:12:21.674;1520,245;1519,928;0,0001;0,00015
2020.01.02 01:12:21.904;1520,235;1519,928;0,00037;0,00015
2020.01.02 01:12:22.034;1520,195;1519,928;0,00037;0,00015
2020.01.02 01:12:22.085;1520,225;1519,838;0,00045;0,00015
2020.01.02 01:12:22.136;1520,155;1519,838;0,00037;0,00015
2020.01.02 01:12:22.475;1520,155;1519,878;0,00037;0,00015
2020.01.02 01:12:22.576;1520,205;1519,878;0,00037;0,00015
2020.01.02 01:12:22.754;1520,205;1519,838;0,00045;0,00015
2020.01.02 01:12:22.805;1520,165;1519,838;0,00037;0,00015
2020.01.02 01:12:22.855;1520,215;1519,838;0,00037;0,00015
2020.01.02 01:12:22.906;1520,225;1519,888;0,00037;0,00015
2020.01.02 01:12:23.137;1520,215;1519,888;0,00037;0,00015
2020.01.02 01:12:23.294;1520,235;1519,888;0,00037;0,00015
2020.01.02 01:12:23.394;1520,215;1519,888;0,00037;0,00015
2020.01.02 01:12:23.554;1520,235;1519,888;0,00037;0,00015
2020.01.02 01:12:23.605;1520,255;1519,908;0,0001;0,00015
2020.01.02 01:12:23.845;1520,235;1519,908;0,00037;0,00015
2020.01.02 01:12:25.104;1520,235;1519,898;0,00037;0,00015
2020.01.02 01:12:26.051;1520,245;1519,898;0,00037;0,00015
2020.01.02 01:12:26.102;1520,255;1519,908;0,0001;0,00015
2020.01.02 01:12:26.203;1520,235;1519,908;0,00037;0,00015
2020.01.02 01:12:27.413;1520,215;1519,828;0,00037;0,00015
2020.01.02 01:12:27.463;1520,165;1519,828;0,00037;0,00015
2020.01.02 01:12:27.704;1520,165;1519,818;0,00037;0,00015
2020.01.02 01:12:27.759;1520,155;1519,818;0,00037;0,00015
2020.01.02 01:12:31.596;1520,155;1519,828;0,00037;0,00015
2020.01.02 01:12:32.705;1520,155;1519,838;0,00037;0,00015
2020.01.02 01:12:32.761;1520,165;1519,838;0,00037;0,00015
2020.01.02 01:12:32.923;1520,165;1519,828;0,00037;0,00015
2020.01.02 01:12:39.170;1520,175;1519,828;0,00037;0,00015
2020.01.02 01:12:39.221;1520,245;1519,918;0,00045;0,00015
2020.01.02 01:12:39.398;1520,235;1519,918;0,00037;0,00015
2020.01.02 01:12:39.943;1520,235;1519,908;0,00037;0,00015
2020.01.02 01:12:43.834;1520,235;1519,928;0,00037;0,00022
2020.01.02 01:12:43.942;1520,245;1519,928;0,00037;0,00022
2020.01.02 01:12:44.344;1520,245;1519,838;0,00037;0,00022
2020.01.02 01:12:44.395;1520,235;1519,838;0,0001;0,00022
2020.01.02 01:12:44.626;1520,185;1519,838;0,00037;0,00022
2020.01.02 01:12:45.007;1520,235;1519,918;0,00045;0,00022
2020.01.02 01:12:46.659;1520,245;1519,908;0,00037;0,00022
2020.01.02 01:12:46.758;1520,235;1519,908;0,00037;0,00022
2020.01.02 01:12:49.294;1520,235;1519,918;0,00037;0,00022
2020.01.02 01:12:49.395;1520,245;1519,918;0,00037;0,00022
2020.01.02 01:12:51.042;1520,255;1519,918;0,00045;0,00022
2020.01.02 01:12:51.092;1520,255;1519,928;0,00045;0,00022
2020.01.02 01:12:51.280;1520,245;1519,928;0,00037;0,00022
2020.01.02 01:12:54.105;1520,245;1519,918;0,00037;0,00022
2020.01.02 01:12:54.961;1520,255;1519,918;0,00045;0,00022
2020.01.02 01:12:55.061;1520,225;1519,918;0,00037;0,00022
2020.01.02 01:12:57.930;1520,225;1519,908;0,00037;0,00022
2020.01.02 01:13:05.441;1520,255;1519,908;0,00045;0,00022
2020.01.02 01:13:05.541;1520,235;1519,908;0,00037;0,00022
2020.01.02 01:13:07.515;1520,235;1519,828;0,00037;0,00022
2020.01.02 01:13:07.566;1520,085;1519,678;0,0001;0,00022
2020.01.02 01:13:07.733;1520,005;1519,678;0,00037;0,00022
2020.01.02 01:13:07.783;1520,005;1519,638;0,00037;0,00022
2020.01.02 01:13:07.834;1519,965;1519,638;0,00037;0,00022
2020.01.02 01:13:11.016;1519,945;1519,598;0,0001;0,00015
2020.01.02 01:13:11.066;1519,925;1519,588;0,00037;0,00015
2020.01.02 01:13:11.117;1519,945;1519,588;0,0001;0,00015
2020.01.02 01:13:11.167;1519,915;1519,588;0,00037;0,00015
2020.01.02 01:13:11.218;1519,915;1519,538;0,00037;0,00015
2020.01.02 01:13:11.319;1519,865;1519,538;0,00037;0,00015
2020.01.02 01:13:11.534;1519,865;1519,528;0,00037;0,00015
2020.01.02 01:13:12.619;1519,885;1519,518;0,0001;0,00015
2020.01.02 01:13:12.670;1519,845;1519,518;0,00037;0,00015
2020.01.02 01:13:12.721;1519,845;1519,508;0,00037;0,00015
2020.01.02 01:13:12.942;1519,845;1519,518;0,00037;0,00015
2020.01.02 01:13:12.993;1519,855;1519,518;0,00037;0,00015
2020.01.02 01:13:13.195;1519,825;1519,508;0,00037;0,00015
2020.01.02 01:13:14.359;1519,835;1519,508;0,00037;0,00015
2020.01.02 01:13:18.077;1519,805;1519,418;0,00037;0,00015
2020.01.02 01:13:18.178;1519,745;1519,398;0,00037;0,00015
2020.01.02 01:13:18.357;1519,725;1519,398;0,00037;0,00015
2020.01.02 01:13:20.534;1519,725;1519,408;0,00037;0,00015
2020.01.02 01:13:21.874;1519,725;1519,398;0,00037;0,00015
2020.01.02 01:13:22.510;1519,745;1519,398;0,00037;0,00015
2020.01.02 01:13:22.560;1519,825;1519,488;0,0001;0,00015
2020.01.02 01:13:22.661;1519,815;1519,488;0,00037;0,00015
2020.01.02 01:13:23.621;1519,825;1519,488;0,00045;0,00015
2020.01.02 01:13:23.672;1519,835;1519,488;0,00037;0,00015
2020.01.02 01:13:23.722;1519,815;1519,488;0,00037;0,00015
2020.01.02 01:13:24.861;1519,835;1519,488;0,00037;0,00015
2020.01.02 01:13:24.912;1519,845;1519,598;0,00045;0,00015
2020.01.02 01:13:25.263;1519,845;1519,508;0,00037;0,00015
2020.01.02 01:13:25.313;1519,835;1519,508;0,00037;0,00015
2020.01.02 01:13:29.836;1519,855;1519,508;0,00045;0,00015
2020.01.02 01:13:29.886;1519,865;1519,618;0,0001;0,00015
2020.01.02 01:13:30.505;1519,865;1519,498;0,0001;0,00015
2020.01.02 01:13:30.555;1519,825;1519,498;0,00037;0,00015
2020.01.02 01:13:32.114;1519,825;1519,518;0,00037;0,00022
